@ARTICLE{Almond1951,
       author = {{Almond}, Mary and {Davies}, J.~G. and {Lovell}, A.~C.~B.},
        title = "{The velocity distribution of sporadic meteors. I.}",
      journal = {\mnras},
         year = 1951,
        month = jan,
       volume = {111},
        pages = {585},
          doi = {10.1093/mnras/111.6.585},
       adsurl = {https://ui.adsabs.harvard.edu/abs/1951MNRAS.111..585A},
      adsnote = {Provided by the SAO/NASA Astrophysics Data System}
}

@ARTICLE{bellm2019_ztf,
       author = {{Bellm}, Eric C. and {Kulkarni}, Shrinivas R. and {Graham}, Matthew J. and {Dekany}, Richard and {Smith}, Roger M. and {Riddle}, Reed and {Masci}, Frank J. and {Helou}, George and {Prince}, Thomas A. and {Adams}, Scott M. and {Barbarino}, C. and {Barlow}, Tom and {Bauer}, James and {Beck}, Ron and {Belicki}, Justin and {Biswas}, Rahul and {Blagorodnova}, Nadejda and {Bodewits}, Dennis and {Bolin}, Bryce and {Brinnel}, Valery and {Brooke}, Tim and {Bue}, Brian and {Bulla}, Mattia and {Burruss}, Rick and {Cenko}, S. Bradley and {Chang}, Chan-Kao and {Connolly}, Andrew and {Coughlin}, Michael and {Cromer}, John and {Cunningham}, Virginia and {De}, Kishalay and {Delacroix}, Alex and {Desai}, Vandana and {Duev}, Dmitry A. and {Eadie}, Gwendolyn and {Farnham}, Tony L. and {Feeney}, Michael and {Feindt}, Ulrich and {Flynn}, David and {Franckowiak}, Anna and {Frederick}, S. and {Fremling}, C. and {Gal-Yam}, Avishay and {Gezari}, Suvi and {Giomi}, Matteo and {Goldstein}, Daniel A. and {Golkhou}, V. Zach and {Goobar}, Ariel and {Groom}, Steven and {Hacopians}, Eugean and {Hale}, David and {Henning}, John and {Ho}, Anna Y.~Q. and {Hover}, David and {Howell}, Justin and {Hung}, Tiara and {Huppenkothen}, Daniela and {Imel}, David and {Ip}, Wing-Huen and {Ivezi{\'c}}, {\v{Z}}eljko and {Jackson}, Edward and {Jones}, Lynne and {Juric}, Mario and {Kasliwal}, Mansi M. and {Kaspi}, S. and {Kaye}, Stephen and {Kelley}, Michael S.~P. and {Kowalski}, Marek and {Kramer}, Emily and {Kupfer}, Thomas and {Landry}, Walter and {Laher}, Russ R. and {Lee}, Chien-De and {Lin}, Hsing Wen and {Lin}, Zhong-Yi and {Lunnan}, Ragnhild and {Giomi}, Matteo and {Mahabal}, Ashish and {Mao}, Peter and {Miller}, Adam A. and {Monkewitz}, Serge and {Murphy}, Patrick and {Ngeow}, Chow-Choong and {Nordin}, Jakob and {Nugent}, Peter and {Ofek}, Eran and {Patterson}, Maria T. and {Penprase}, Bryan and {Porter}, Michael and {Rauch}, Ludwig and {Rebbapragada}, Umaa and {Reiley}, Dan and {Rigault}, Mickael and {Rodriguez}, Hector and {van Roestel}, Jan and {Rusholme}, Ben and {van Santen}, Jakob and {Schulze}, S. and {Shupe}, David L. and {Singer}, Leo P. and {Soumagnac}, Maayane T. and {Stein}, Robert and {Surace}, Jason and {Sollerman}, Jesper and {Szkody}, Paula and {Taddia}, F. and {Terek}, Scott and {Van Sistine}, Angela and {van Velzen}, Sjoert and {Vestrand}, W. Thomas and {Walters}, Richard and {Ward}, Charlotte and {Ye}, Quan-Zhi and {Yu}, Po-Chieh and {Yan}, Lin and {Zolkower}, Jeffry},
        title = "{The Zwicky Transient Facility: System Overview, Performance, and First Results}",
      journal = {\pasp},
     keywords = {Astrophysics - Instrumentation and Methods for Astrophysics},
         year = 2019,
        month = jan,
       volume = {131},
       number = {995},
        pages = {018002},
          doi = {10.1088/1538-3873/aaecbe},
archivePrefix = {arXiv},
       eprint = {1902.01932},
 primaryClass = {astro-ph.IM},
       adsurl = {https://ui.adsabs.harvard.edu/abs/2019PASP..131a8002B},
      adsnote = {Provided by the SAO/NASA Astrophysics Data System}
}

@ARTICLE{Borovicka2022AA667A158B,
       author = {{Borovi{\v{c}}ka}, J. and {Spurn{\'y}}, P. and {Shrben{\'y}}, L.},
        title = "{Data on 824 fireballs observed by the digital cameras of the European Fireball Network in 2017-2018. II. Analysis of orbital and physical properties of centimeter-sized meteoroids}",
      journal = {\aap},
     keywords = {meteorites, meteors, meteoroids, catalogs, Astrophysics - Earth and Planetary Astrophysics},
         year = 2022,
        month = nov,
       volume = {667},
          eid = {A158},
        pages = {A158},
          doi = {10.1051/0004-6361/202244197},
archivePrefix = {arXiv},
       eprint = {2209.11254},
 primaryClass = {astro-ph.EP},
       adsurl = {https://ui.adsabs.harvard.edu/abs/2022A&A...667A.158B},
      adsnote = {Provided by the SAO/NASA Astrophysics Data System}
}

@INPROCEEDINGS{bowell1989_astphotmodels_ast2,
   author = {{Bowell}, E. and {Hapke}, B. and {Domingue}, D. and {Lumme}, K. and
	{Peltoniemi}, J. and {Harris}, A.~W.},
articletitle = "{Application of photometric models to asteroids}",
 keywords = {Asteroids, Astronomical Photometry, Light Scattering, Optical Properties, Surface Roughness, Phase Shift, Physical Properties, Solar System},
booktitle = {Asteroids II},
    title = {Asteroids II},
     year = 1989,
  editors = {{Binzel}, R.~P. and {Gehrels}, T. and {Matthews}, M.~S.},
    pages = {524-556},
   adsurl = {http://adsabs.harvard.edu/abs/1989aste.conf..524B},
  adsnote = {Provided by the SAO/NASA Astrophysics Data System}
}

@ARTICLE{Cook2016,
   author = {{Cook}, N.~V. and {Ragozzine}, D. and {Granvik}, M. and {Stephens}, D.~C.
	},
    title = "{Realistic Detectability of Close Interstellar Comets}",
  journal = {ApJ},
archivePrefix = "arXiv",
   eprint = {1607.08162},
 primaryClass = "astro-ph.EP",
 keywords = {comets: general, ISM: general, methods: observational, planetary systems},
     year = 2016,
    month = jul,
   volume = 825,
      eid = {51},
    pages = {51},
      doi = {10.3847/0004-637X/825/1/51},
   adsurl = {http://adsabs.harvard.edu/abs/2016ApJ...825...51C},
  adsnote = {Provided by the SAO/NASA Astrophysics Data System}
}

@ARTICLE{Do2018,
       author = {{Do}, Aaron and {Tucker}, Michael A. and {Tonry}, John},
        title = "{Interstellar Interlopers: Number Density and Origin of {\textquoteleft}Oumuamua-like Objects}",
      journal = {\apjl},
     keywords = {comets: individual: {\textquoteleft}Oumuamua, Oort Cloud, planets and satellites: dynamical evolution and stability, planets and satellites: formation, Astrophysics - Earth and Planetary Astrophysics},
         year = 2018,
        month = mar,
       volume = {855},
       number = {1},
          eid = {L10},
        pages = {L10},
          doi = {10.3847/2041-8213/aaae67},
archivePrefix = {arXiv},
       eprint = {1801.02821},
 primaryClass = {astro-ph.EP},
       adsurl = {https://ui.adsabs.harvard.edu/abs/2018ApJ...855L..10D},
      adsnote = {Provided by the SAO/NASA Astrophysics Data System}
}

@BOOK{Draine2011,
       author = {{Draine}, Bruce T.},
        title = "{Physics of the Interstellar and Intergalactic Medium}",
         year = 2011,
        publisher = "{}",
       adsurl = {https://ui.adsabs.harvard.edu/abs/2011piim.book.....D},
      adsnote = {Provided by the SAO/NASA Astrophysics Data System}
}

@ARTICLE{Eloy2024Icar40815844P,
       author = {{Pe{\~n}a-Asensio}, Eloy and {Visuri}, Jaakko and {Trigo-Rodr{\'\i}guez}, Josep M. and {Socas-Navarro}, Hector and {Gritsevich}, Maria and {Siljama}, Markku and {Rimola}, Albert},
        title = "{Oort cloud perturbations as a source of hyperbolic Earth impactors}",
      journal = {\icarus},
     keywords = {Meteorites, Meteors, Meteoroids, Comets, Oort cloud, Minor planets, Asteroids, Interstellar, Astrophysics - Earth and Planetary Astrophysics},
         year = 2024,
        month = jan,
       volume = {408},
          eid = {115844},
        pages = {115844},
          doi = {10.1016/j.icarus.2023.115844},
archivePrefix = {arXiv},
       eprint = {2310.12673},
 primaryClass = {astro-ph.EP},
       adsurl = {https://ui.adsabs.harvard.edu/abs/2024Icar..40815844P},
      adsnote = {Provided by the SAO/NASA Astrophysics Data System}
}

@ARTICLE{Engelhardt2014,
       author = {{Engelhardt}, Toni and {Jedicke}, Robert and {Vere{\v{s}}}, Peter and
         {Fitzsimmons}, Alan and {Denneau}, Larry and {Beshore}, Ed and
         {Meinke}, Bonnie},
        title = "{An Observational Upper Limit on the Interstellar Number Density of Asteroids and Comets}",
      journal = {AJ},
     keywords = {comets: general, minor planets, asteroids: general, planetary systems, protoplanetary disks, Astrophysics - Earth and Planetary Astrophysics},
         year = "2017",
        month = "Mar",
       volume = {153},
       number = {3},
          eid = {133},
        pages = {133},
          doi = {10.3847/1538-3881/aa5c8a},
archivePrefix = {arXiv},
       eprint = {1702.02237},
 primaryClass = {astro-ph.EP},
       adsurl = {https://ui.adsabs.harvard.edu/abs/2017AJ....153..133E},
      adsnote = {Provided by the SAO/NASA Astrophysics Data System}
}

@ARTICLE{Fitzsimmons2023,
       author = {{Fitzsimmons}, Alan and {Meech}, Karem and {Matr{\`a}}, Luca and {Pfalzner}, Susanne},
        title = "{Interstellar Objects and Exocomets}",
      journal = {arXiv e-prints},
     keywords = {Astrophysics - Earth and Planetary Astrophysics, Astrophysics - Astrophysics of Galaxies},
         year = 2023,
        month = mar,
          eid = {arXiv:2303.17980},
        pages = {arXiv:2303.17980},
          doi = {10.48550/arXiv.2303.17980},
archivePrefix = {arXiv},
       eprint = {2303.17980},
 primaryClass = {astro-ph.EP},
       adsurl = {https://ui.adsabs.harvard.edu/abs/2023arXiv230317980F},
      adsnote = {Provided by the SAO/NASA Astrophysics Data System}
}

@INCOLLECTION{Fitzsimmons2024,
       author = {{Fitzsimmons}, Alan and {Meech}, Karen and {Matr{\`a}}, Luca and {Pfalzner}, Susanne},
        title = "{Interstellar Objects and Exocomets}",
    booktitle = {Comets III},
         year = 2024,
       editor = {{Meech}, Karen. J. and {Combi}, Michael. R. and {Bockel{\'e}e-Morvan}, Dominique and {Raymodn}, Sean. N. and {Zolensky}, Michael. E.},
        pages = {731-766},
       adsurl = {https://ui.adsabs.harvard.edu/abs/2024come.book..731F},
      adsnote = {Provided by the SAO/NASA Astrophysics Data System}
}


@ARTICLE{Froncisz2020PSS19004980F,
       author = {{Froncisz}, Mark and {Brown}, Peter and {Weryk}, Robert J.},
        title = "{Possible interstellar meteoroids detected by the Canadian Meteor Orbit Radar}",
      journal = {\planss},
     keywords = {Meteors, Interstellar meteoroids, Radar observations, Interplanetary dust, Astrophysics - Earth and Planetary Astrophysics},
         year = 2020,
        month = oct,
       volume = {190},
          eid = {104980},
        pages = {104980},
          doi = {10.1016/j.pss.2020.104980},
archivePrefix = {arXiv},
       eprint = {2005.10896},
 primaryClass = {astro-ph.EP},
       adsurl = {https://ui.adsabs.harvard.edu/abs/2020P&SS..19004980F},
      adsnote = {Provided by the SAO/NASA Astrophysics Data System}
}

@INPROCEEDINGS{Hajdukova1993,
       author = {{Hajdukov{\'a}}, Jr., M.},
        title = "{On the hyperbolic and interstellar meteor orbits}",
    booktitle = {Meteoroids and their Parent Bodies},
         year = 1993,
       editor = {{Stohl}, J. and {Williams}, I.~P.},
        month = jan,
        pages = {61},
       adsurl = {https://ui.adsabs.harvard.edu/abs/1993mtpb.conf...61H},
      adsnote = {Provided by the SAO/NASA Astrophysics Data System}
}

@ARTICLE{Hajdukova1994,
       author = {{Hajdukova}, Jr., M.},
        title = "{On the frequency of interstellar meteoroids.}",
      journal = {\aap},
     keywords = {Hyperbolic Trajectories, Meteoroids, Orbital Elements, Astronomical Catalogs, Data Bases, Data Correlation, Data Reduction, Temporal Distribution, Astrophysics, METEORS, METEORIDS, COMETS: GENERAL, ASTRONOMICAL DATA BASES: MISCELLANEOUS, ISM: DUST},
         year = 1994,
        month = aug,
       volume = {288},
        pages = {330-334},
       adsurl = {https://ui.adsabs.harvard.edu/abs/1994A&A...288..330H},
      adsnote = {Provided by the SAO/NASA Astrophysics Data System}
}

@INBOOK{Hajdukova2019,
        author = {{Hajduková}, Maria and {Sterken}, Veerle and {Wiegert}, Paul},
        title = "{Meteoroids: Sources of Meteors on Earth and Beyond}",
        booktitle = "{Meteoroids: Sources of Meteors on Earth and Beyond}",
        publisher = "{Cambridge University Press}",
        year = 2019,
        chapter = "12",
        pages = "235",
        adsurl = {https://ui.adsabs.harvard.edu/abs/2019msme.book.....R},
        adsnote = {Provided by the SAO/NASA Astrophysics Data System}
} % editor = "Ryabova, Galina O. and Asher, David J. and Campbell-Brown, Margaret J.",

@ARTICLE{Hajdukova2020a,
       author = {{Hajdukov{\'a}}, M{\'a}ria and {Korno{\v{s}}}, Leonard},
        title = "{The influence of meteor measurement errors on the heliocentric orbits of meteoroids}",
      journal = {Planetary and Space Science},
     keywords = {Meteors, Meteoroid orbits, Measurement errors},
         year = 2020,
        month = oct,
       volume = {190},
          eid = {104965},
        pages = {104965},
          doi = {10.1016/j.pss.2020.104965},
       adsurl = {https://ui.adsabs.harvard.edu/abs/2020P&SS..19004965H},
      adsnote = {Provided by the SAO/NASA Astrophysics Data System}
}

@ARTICLE{Hajdukova2020b,
       author = {{Hajdukova}, Maria and {Sterken}, Veerle and {Wiegert}, Paul and {Korno{\v{s}}}, Leonard},
        title = "{The challenge of identifying interstellar meteors}",
      journal = {Planetary and Space Science},
     keywords = {Meteors, Meteoroids, Interstellar, Hyperbolic},
         year = 2020,
        month = nov,
       volume = {192},
          eid = {105060},
        pages = {105060},
          doi = {10.1016/j.pss.2020.105060},
       adsurl = {https://ui.adsabs.harvard.edu/abs/2020P&SS..19205060H},
      adsnote = {Provided by the SAO/NASA Astrophysics Data System}
}

@ARTICLE{Hajdukova2024,
       author = {{Hajdukov{\'a}}, M. and {Stober}, G. and {Barghini}, D. and {Koten}, P. and {Vaubaillon}, J. and {Sterken}, V.~J. and {{\v{D}}uri{\v{s}}ov{\'a}}, S. and {Jackson}, A. and {Desch}, S.},
        title = "{No evidence for interstellar fireballs in the CNEOS database}",
      journal = {\aap},
     keywords = {catalogs, meteorites, meteors, meteoroids},
         year = 2024,
        month = nov,
       volume = {691},
          eid = {A8},
        pages = {A8},
          doi = {10.1051/0004-6361/202449569},
       adsurl = {https://ui.adsabs.harvard.edu/abs/2024A&A...691A...8H},
      adsnote = {Provided by the SAO/NASA Astrophysics Data System}
}

@ARTICLE{holmberg2006_solarcolors,
       author = {{Holmberg}, Johan and {Flynn}, Chris and {Portinari}, Laura},
        title = "{The colours of the Sun}",
      journal = {\mnras},
     keywords = {techniques: photometric, Sun: fundamental parameters, stars: fundamental parameters, Astrophysics},
         year = 2006,
        month = apr,
       volume = {367},
       number = {2},
        pages = {449-453},
          doi = {10.1111/j.1365-2966.2005.09832.x},
archivePrefix = {arXiv},
       eprint = {astro-ph/0511158},
 primaryClass = {astro-ph},
       adsurl = {https://ui.adsabs.harvard.edu/abs/2006MNRAS.367..449H},
      adsnote = {Provided by the SAO/NASA Astrophysics Data System}
}

@ARTICLE{Jewitt2017,
   author = {{Jewitt}, D. and {Luu}, J. and {Rajagopal}, J. and {Kotulla}, R. and
	{Ridgway}, S. and {Liu}, W. and {Augusteijn}, T.},
    title = "{Interstellar Interloper 1I/2017 U1: Observations from the NOT and WIYN Telescopes}",
  journal = {ApJL},
archivePrefix = "arXiv",
   eprint = {1711.05687},
 primaryClass = "astro-ph.EP",
 keywords = {comets: general, ISM: general, ISM: individual objects: 1I{\amp}2017 U1, minor planets, asteroids: general, minor planets, asteroids: individual: 1I{\amp}2017 U1 },
     year = 2017,
    month = dec,
   volume = 850,
      eid = {L36},
    pages = {L36},
      doi = {10.3847/2041-8213/aa9b2f},
   adsurl = {http://adsabs.harvard.edu/abs/2017ApJ...850L..36J},
  adsnote = {Provided by the SAO/NASA Astrophysics Data System}
}

@ARTICLE{jones2009_lsst,
       author = {{Jones}, R.~L. and {Chesley}, S.~R. and {Connolly}, A.~J. and {Harris}, A.~W. and {Ivezic}, Z. and {Knezevic}, Z. and {Kubica}, J. and {Milani}, A. and {Trilling}, D.~E.},
        title = "{Solar System Science with LSST}",
      journal = {Earth Moon and Planets},
         year = 2009,
        month = sep,
       volume = {105},
       number = {2-4},
        pages = {101-105},
          doi = {10.1007/s11038-009-9305-z},
       adsurl = {https://ui.adsabs.harvard.edu/abs/2009EM&P..105..101J},
      adsnote = {Provided by the SAO/NASA Astrophysics Data System}
}

@ARTICLE{jordi2006_filtertransformations,
       author = {{Jordi}, K. and {Grebel}, E.~K. and {Ammon}, K.},
        title = "{Empirical color transformations between SDSS photometry and other photometric systems}",
      journal = {\aap},
     keywords = {surveys, catalogs, techniques: photometric, Astrophysics},
         year = 2006,
        month = dec,
       volume = {460},
       number = {1},
        pages = {339-347},
          doi = {10.1051/0004-6361:20066082},
archivePrefix = {arXiv},
       eprint = {astro-ph/0609121},
 primaryClass = {astro-ph},
       adsurl = {https://ui.adsabs.harvard.edu/abs/2006A&A...460..339J},
      adsnote = {Provided by the SAO/NASA Astrophysics Data System}
}

@INCOLLECTION{Landgraf1998,
       author = {{Landgraf}, M. and {Gr{\"u}n}, E.},
        title = "{In Situ Measurements of Interstellar Dust}",
     keywords = {Astrophysics},
    booktitle = {IAU Colloq. 166: The Local Bubble and Beyond},
         year = 1998,
       editor = {{Breitschwerdt}, Dieter and {Freyberg}, Michael J. and {Truemper}, Joachim},
       volume = {506},
        pages = {381-384},
          doi = {10.1007/BFb0104750},
        publisher = "{}",
       adsurl = {https://ui.adsabs.harvard.edu/abs/1998LNP...506..381L},
      adsnote = {Provided by the SAO/NASA Astrophysics Data System}
}

@ARTICLE{Landgraf2000,
       author = {{Landgraf}, M. and {Baggaley}, W.~J. and {Gr{\"u}n}, E. and {Kr{\"u}ger}, H. and {Linkert}, G.},
        title = "{Aspects of the mass distribution of interstellar dust grains in the solar system from in situ measurements}",
      journal = {\jgr},
     keywords = {Interplanetary Physics: Interplanetary dust, Interplanetary Physics: Instruments and techniques, Astrophysics},
         year = 2000,
        month = may,
       volume = {105},
       number = {A5},
        pages = {10343-10352},
          doi = {10.1029/1999JA900359},
archivePrefix = {arXiv},
       eprint = {astro-ph/9908117},
 primaryClass = {astro-ph},
       adsurl = {https://ui.adsabs.harvard.edu/abs/2000JGR...10510343L},
      adsnote = {Provided by the SAO/NASA Astrophysics Data System}
}

@INPROCEEDINGS{Lantz2004,
       author = {{Lantz}, Blandine and {Aldering}, Greg and {Antilogus}, Pierre and {Bonnaud}, Christophe and {Capoani}, Lionel and {Castera}, Alain and {Copin}, Yannick and {Dubet}, Dominique and {Gangler}, Emmanuel and {Henault}, Francois and {Lemonnier}, Jean-Pierre and {Pain}, Reynald and {Pecontal}, Arlette and {Pecontal}, Emmanuel and {Smadja}, Gerard},
        title = "{SNIFS: a wideband integral field spectrograph with microlens arrays}",
    booktitle = {Optical Design and Engineering},
         year = 2004,
       editor = {{Mazuray}, Laurent and {Rogers}, Philip J. and {Wartmann}, Rolf},
       series = {Society of Photo-Optical Instrumentation Engineers (SPIE) Conference Series},
       volume = {5249},
        month = feb,
        pages = {146-155},
          doi = {10.1117/12.512493},
       adsurl = {https://ui.adsabs.harvard.edu/abs/2004SPIE.5249..146L},
      adsnote = {Provided by the SAO/NASA Astrophysics Data System}
}

@ARTICLE{Marceta2023b,
       author = {{Mar{\v{c}}eta}, Du{\v{s}}an and {Seligman}, Darryl Z.},
        title = "{Synthetic Detections of Interstellar Objects with the Rubin Observatory Legacy Survey of Space and Time}",
      journal = {\psj},
     keywords = {Interstellar objects, 52, Astrophysics - Earth and Planetary Astrophysics, Astrophysics - Astrophysics of Galaxies, Astrophysics - Instrumentation and Methods for Astrophysics},
         year = 2023,
        month = dec,
       volume = {4},
       number = {12},
          eid = {230},
        pages = {230},
          doi = {10.3847/PSJ/ad08c1},
archivePrefix = {arXiv},
       eprint = {2310.17575},
 primaryClass = {astro-ph.EP},
       adsurl = {https://ui.adsabs.harvard.edu/abs/2023PSJ.....4..230M},
      adsnote = {Provided by the SAO/NASA Astrophysics Data System}
}

@ARTICLE{Marceta2023a,
       author = {{Mar{\v{c}}eta}, Du{\v{s}}an},
        title = "{Synthetic population of interstellar objects in the Solar System}",
      journal = {Astronomy and Computing},
     keywords = {Planetary systems, Comets: general, minor planets, Asteroids: general, Asteroids: individual: 1I/'Oumuamua, Comets: individual: 2I/Borisov, Astrophysics - Earth and Planetary Astrophysics, Astrophysics - Astrophysics of Galaxies, Astrophysics - Instrumentation and Methods for Astrophysics},
         year = 2023,
        month = jan,
       volume = {42},
          eid = {100690},
        pages = {100690},
          doi = {10.1016/j.ascom.2023.100690},
archivePrefix = {arXiv},
       eprint = {2301.09375},
 primaryClass = {astro-ph.EP},
       adsurl = {https://ui.adsabs.harvard.edu/abs/2023A&C....4200690M},
      adsnote = {Provided by the SAO/NASA Astrophysics Data System}
}

@ARTICLE{Meech2017,
   author = {{Meech}, K.~J. and {Weryk}, R. and {Micheli}, M. and {Kleyna}, J.~T. and
	{Hainaut}, O.~R. and {Jedicke}, R. and {Wainscoat}, R.~J. and
	{Chambers}, K.~C. and {Keane}, J.~V. and {Petric}, A. and {Denneau}, L. and
	{Magnier}, E. and {Berger}, T. and {Huber}, M.~E. and {Flewelling}, H. and
	{Waters}, C. and {Schunova-Lilly}, E. and {Chastel}, S.},
    title = "{A brief visit from a red and extremely elongated interstellar asteroid}",
  journal = {Nature},
     year = 2017,
    month = dec,
   volume = 552,
    pages = {378-381},
      doi = {10.1038/nature25020},
   adsurl = {https://ui.adsabs.harvard.edu/abs/2017Natur.552..378M},
  adsnote = {Provided by the SAO/NASA Astrophysics Data System}
}

@ARTICLE{Micheli2018,
       author = {{Micheli}, Marco and {Farnocchia}, Davide and {Meech}, Karen J. and {Buie}, Marc W. and {Hainaut}, Olivier R. and {Prialnik}, Dina and {Sch{\"o}rghofer}, Norbert and {Weaver}, Harold A. and {Chodas}, Paul W. and {Kleyna}, Jan T. and {Weryk}, Robert and {Wainscoat}, Richard J. and {Ebeling}, Harald and {Keane}, Jacqueline V. and {Chambers}, Kenneth C. and {Koschny}, Detlef and {Petropoulos}, Anastassios E.},
        title = "{Non-gravitational acceleration in the trajectory of 1I/2017 U1 ('Oumuamua)}",
      journal = {\nat},
         year = 2018,
        month = jun,
       volume = {559},
        pages = {223-226},
          doi = {10.1038/s41586-018-0254-4},
       adsurl = {https://ui.adsabs.harvard.edu/abs/2018Natur.559..223M},
      adsnote = {Provided by the SAO/NASA Astrophysics Data System}
}

@article{Mommert_2017,
  title={PHOTOMETRYPIPELINE: An automated pipeline for calibrated photometry},
  author={Mommert, Michael},
  journal={Astronomy and Computing},
  volume={18},
  pages={47--53},
  year={2017},
  publisher={Elsevier}
}

@ARTICLE{MoroMartin2022,
       author = {{Moro-Mart{\'\i}n}, Amaya},
        title = "{Interstellar planetesimals}",
      journal = {arXiv e-prints},
     keywords = {Astrophysics - Earth and Planetary Astrophysics, Astrophysics - Astrophysics of Galaxies},
         year = 2022,
        month = may,
          eid = {arXiv:2205.04277},
        pages = {arXiv:2205.04277},
          doi = {10.48550/arXiv.2205.04277},
archivePrefix = {arXiv},
       eprint = {2205.04277},
 primaryClass = {astro-ph.EP},
       adsurl = {https://ui.adsabs.harvard.edu/abs/2022arXiv220504277M},
      adsnote = {Provided by the SAO/NASA Astrophysics Data System}
}

@ARTICLE{Pravec2007,
       author = {{Pravec}, P. and {Harris}, A.~W.},
        title = "{Binary asteroid population. 1. Angular momentum content}",
      journal = {\icarus},
         year = 2007,
        month = sep,
       volume = {190},
       number = {1},
        pages = {250-259},
          doi = {10.1016/j.icarus.2007.02.023},
       adsurl = {https://ui.adsabs.harvard.edu/abs/2007Icar..190..250P},
      adsnote = {Provided by the SAO/NASA Astrophysics Data System}
}

@ARTICLE{Seligman2023,
       author = {{Seligman}, Darryl Z. and {Moro-Mart{\'\i}n}, Amaya},
        title = "{Interstellar objects}",
      journal = {Contemporary Physics},
     keywords = {Astrophysics - Earth and Planetary Astrophysics, Astrophysics - Astrophysics of Galaxies},
         year = 2023,
        month = jul,
       volume = {63},
       number = {3},
        pages = {200-232},
          doi = {10.1080/00107514.2023.2203976},
archivePrefix = {arXiv},
       eprint = {2304.00568},
 primaryClass = {astro-ph.EP},
       adsurl = {https://ui.adsabs.harvard.edu/abs/2022ConPh..63..200S},
      adsnote = {Provided by the SAO/NASA Astrophysics Data System}
}

@ARTICLE{Tucker2022,
       author = {{Tucker}, M.~A. and {Shappee}, B.~J. and {Huber}, M.~E. and {Payne}, A.~V. and {Do}, A. and {Hinkle}, J.~T. and {de Jaeger}, T. and {Ashall}, C. and {Desai}, D.~D. and {Hoogendam}, W.~B. and {Aldering}, G. and {Auchettl}, K. and {Baranec}, C. and {Bulger}, J. and {Chambers}, K. and {Chun}, M. and {Hodapp}, K.~W. and {Lowe}, T.~B. and {McKay}, L. and {Rampy}, R. and {Rubin}, D. and {Tonry}, J.~L.},
        title = "{The Spectroscopic Classification of Astronomical Transients (SCAT) Survey: Overview, Pipeline Description, Initial Results, and Future Plans}",
      journal = {\pasp},
     keywords = {Active galactic nuclei, Transient sources, Spectrophotometry, Atmospheric extinction, Cataclysmic variable stars, Supernovae, 16, 1851, 1556, 114, 203, 1668, Astrophysics - Instrumentation and Methods for Astrophysics},
         year = 2022,
        month = dec,
       volume = {134},
       number = {1042},
          eid = {124502},
        pages = {124502},
          doi = {10.1088/1538-3873/aca719},
archivePrefix = {arXiv},
       eprint = {2210.09322},
 primaryClass = {astro-ph.IM},
       adsurl = {https://ui.adsabs.harvard.edu/abs/2022PASP..134l4502T},
      adsnote = {Provided by the SAO/NASA Astrophysics Data System}
}

@ARTICLE{Vida2021MNRAS5065046V,
       author = {{Vida}, Denis and {{\v{S}}egon}, Damir and {Gural}, Peter S. and {Brown}, Peter G. and {McIntyre}, Mark J.~M. and {Dijkema}, Tammo Jan and {Pavleti{\'c}}, Lovro and {Kuki{\'c}}, Patrik and {Mazur}, Michael J. and {Eschman}, Peter and {Roggemans}, Paul and {Merlak}, Aleksandar and {Zubovi{\'c}}, Dario},
        title = "{The Global Meteor Network - Methodology and first results}",
      journal = {\mnras},
     keywords = {comets: general, meteorites, meteors, meteoroids, astrometry, software: data analysis, Astrophysics - Earth and Planetary Astrophysics, Astrophysics - Instrumentation and Methods for Astrophysics},
         year = 2021,
        month = oct,
       volume = {506},
       number = {4},
        pages = {5046-5074},
          doi = {10.1093/mnras/stab2008},
archivePrefix = {arXiv},
       eprint = {2107.12335},
 primaryClass = {astro-ph.EP},
       adsurl = {https://ui.adsabs.harvard.edu/abs/2021MNRAS.506.5046V},
      adsnote = {Provided by the SAO/NASA Astrophysics Data System}
}

@ARTICLE{Williams17,
       author = {{Williams}, G.~V. and {Sato}, H. and {Sarneczky}, K. and {Wainscoat}, R. and {Woodworth}, D. and {Meech}, K.},
        title = "{Minor Planets 2017 SN\_33 and 2017 U1}",
      journal = {Central Bureau Electronic Telegrams},
         year = 2017,
        month = oct,
       volume = {4450},
        pages = {1},
       adsurl = {https://ui.adsabs.harvard.edu/abs/2017CBET.4450....1W},
      adsnote = {Provided by the SAO/NASA Astrophysics Data System}
}

@ARTICLE{Ye2017,
   author = {{Ye}, Q.-Z. and {Zhang}, Q. and {Kelley}, M.~S.~P. and {Brown}, P.~G.
	},
    title = "{1I/2017 U1 (`Oumuamua) is Hot: Imaging, Spectroscopy, and Search of Meteor Activity}",
  journal = {\apjl},
archivePrefix = "arXiv",
   eprint = {1711.02320},
 primaryClass = "astro-ph.EP",
 keywords = {local interstellar matter, meteorites, meteors, meteoroids, minor planets, asteroids: individual: 1I{\amp}2017 U1 (`Oumuamua},
     year = 2017,
    month = dec,
   volume = 851,
      eid = {L5},
    pages = {L5},
      doi = {10.3847/2041-8213/aa9a34},
   adsurl = {http://adsabs.harvard.edu/abs/2017ApJ...851L...5Y},
  adsnote = {Provided by the SAO/NASA Astrophysics Data System}
}









@ARTICLE{Jewitt2020,
       author = {{Jewitt}, David and {Hui}, Man-To and {Kim}, Yoonyoung and {Mutchler}, Max and {Weaver}, Harold and {Agarwal}, Jessica},
        title = "{The Nucleus of Interstellar Comet 2I/Borisov}",
      journal = {\apjl},
     keywords = {Comets, Long period comets, 280, 933, Astrophysics - Earth and Planetary Astrophysics},
         year = 2020,
        month = jan,
       volume = {888},
       number = {2},
          eid = {L23},
        pages = {L23},
          doi = {10.3847/2041-8213/ab621b},
archivePrefix = {arXiv},
       eprint = {1912.05422},
 primaryClass = {astro-ph.EP},
       adsurl = {https://ui.adsabs.harvard.edu/abs/2020ApJ...888L..23J},
      adsnote = {Provided by the SAO/NASA Astrophysics Data System}
}

@ARTICLE{Engelhardt2017,
       author = {{Engelhardt}, Toni and {Jedicke}, Robert and {Vere{\v{s}}}, Peter and {Fitzsimmons}, Alan and {Denneau}, Larry and {Beshore}, Ed and {Meinke}, Bonnie},
        title = "{An Observational Upper Limit on the Interstellar Number Density of Asteroids and Comets}",
      journal = {\aj},
     keywords = {comets: general, minor planets, asteroids: general, planetary systems, protoplanetary disks, Astrophysics - Earth and Planetary Astrophysics},
         year = 2017,
        month = mar,
       volume = {153},
       number = {3},
          eid = {133},
        pages = {133},
          doi = {10.3847/1538-3881/aa5c8a},
archivePrefix = {arXiv},
       eprint = {1702.02237},
 primaryClass = {astro-ph.EP},
       adsurl = {https://ui.adsabs.harvard.edu/abs/2017AJ....153..133E},
      adsnote = {Provided by the SAO/NASA Astrophysics Data System}
}

@ARTICLE{Cabot2022,
       author = {{Cabot}, Samuel H.~C. and {Laughlin}, Gregory},
        title = "{Identifying Interstellar Object Impact Craters}",
      journal = {\psj},
     keywords = {Interstellar objects, Impact phenomena, Hydrodynamical simulations, 52, 779, 767},
         year = 2022,
        month = jul,
       volume = {3},
       number = {7},
          eid = {172},
        pages = {172},
          doi = {10.3847/PSJ/ac77e9},
       adsurl = {https://ui.adsabs.harvard.edu/abs/2022PSJ.....3..172C},
      adsnote = {Provided by the SAO/NASA Astrophysics Data System}
}

@ARTICLE{Chang2023,
       author = {{Chang}, Daniel and {Hsieh}, Cheng-Han and {Laughlin}, Gregory},
        title = "{Constraints to Efficiently Find Interstellar Object Generated Craters on the Moon}",
      journal = {Research Notes of the American Astronomical Society},
     keywords = {Interstellar objects, Lunar craters, 52, 949},
         year = 2023,
        month = oct,
       volume = {7},
       number = {10},
          eid = {228},
        pages = {228},
          doi = {10.3847/2515-5172/ad0731},
       adsurl = {https://ui.adsabs.harvard.edu/abs/2023RNAAS...7..228C},
      adsnote = {Provided by the SAO/NASA Astrophysics Data System}
}

@ARTICLE{Niessl1925,
       author = {{Von Niessl}, Gustav and {Hoffmeister}, C.},
        title = "{Katalog der Bestimmungsgr{\"o}ssen f{\"u}r 611 Bahnen Grosser Meteore}",
      journal = {Denkschriften der Kaiserlichen Akademie der Wissenschaften Wien. Mathematisch-Naturwissenchaftliche Klasse},
         year = 1925,
        month = jan,
       volume = {100},
        pages = {1-70},
       adsurl = {https://ui.adsabs.harvard.edu/abs/1925DKAWW.100....1V},
      adsnote = {Provided by the SAO/NASA Astrophysics Data System}
}

@ARTICLE{Wiegert2014,
       author = {{Wiegert}, Paul A.},
        title = "{Hyperbolic meteors: Interstellar or generated locally via the gravitational slingshot effect?}",
      journal = {\icarus},
     keywords = {Meteors, Comets, Interplanetary dust, Earth, Astrophysics - Earth and Planetary Astrophysics},
         year = 2014,
        month = nov,
       volume = {242},
        pages = {112-121},
          doi = {10.1016/j.icarus.2014.06.031},
archivePrefix = {arXiv},
       eprint = {1404.2159},
 primaryClass = {astro-ph.EP},
       adsurl = {https://ui.adsabs.harvard.edu/abs/2014Icar..242..112W},
      adsnote = {Provided by the SAO/NASA Astrophysics Data System}
}

@ARTICLE{Fisher1928,
       author = {{Fisher}, Willard J.},
        title = "{Remarks on the Fireball Catalogue of von Niessl and Hoffmeister.}",
      journal = {Harvard College Observatory Circular},
         year = 1928,
        month = jul,
       volume = {331},
        pages = {1-8},
       adsurl = {https://ui.adsabs.harvard.edu/abs/1928HarCi.331....1F},
      adsnote = {Provided by the SAO/NASA Astrophysics Data System}
}

@ARTICLE{Opik1956,
       author = {{Opik}, E.~J.},
        title = "{Interplanetary Dust and Terrestrial Accretion of Meteoric Matter}",
      journal = {Irish Astronomical Journal},
         year = 1956,
        month = sep,
       volume = {4},
        pages = {84},
       adsurl = {https://ui.adsabs.harvard.edu/abs/1956IrAJ....4...84O},
      adsnote = {Provided by the SAO/NASA Astrophysics Data System}
}

@ARTICLE{Jacchia1961,
       author = {{Jacchia}, Luigi G. and {Whipple}, Fred L.},
        title = "{Precision Orbits of 413 Photographic Meteors}",
      journal = {Smithsonian Contributions to Astrophysics},
         year = 1961,
        month = sep,
       volume = {4},
        pages = {97-129},
       adsurl = {https://ui.adsabs.harvard.edu/abs/1961SCoA....4...97J},
      adsnote = {Provided by the SAO/NASA Astrophysics Data System}
}

@ARTICLE{Hajdukova2014,
       author = {{Hajdukov{\'a}}, Maria and {Korno{\v{s}}}, Leonard and {T{\'o}th}, Juraj},
        title = "{Frequency of hyperbolic and interstellar meteoroids}",
      journal = {Meteoritics \& Planetary Science},
         year = 2014,
        month = jan,
       volume = {49},
       number = {1},
        pages = {63-68},
          doi = {10.1111/maps.12119},
       adsurl = {https://ui.adsabs.harvard.edu/abs/2014M&PS...49...63H},
      adsnote = {Provided by the SAO/NASA Astrophysics Data System}
}


@ARTICLE{Jenniskens2018PSS15421J,
       author = {{Jenniskens}, Peter and {Baggaley}, Jack and {Crumpton}, Ian and {Aldous}, Peter and {Pokorny}, Petr and {Janches}, Diego and {Gural}, Peter S. and {Samuels}, Dave and {Albers}, Jim and {Howell}, Andreas and {Johannink}, Carl and {Breukers}, Martin and {Odeh}, Mohammad and {Moskovitz}, Nicholas and {Collison}, Jack and {Ganju}, Siddha},
        title = "{A survey of southern hemisphere meteor showers}",
      journal = {Planetary and Space Science},
     keywords = {Meteor, Meteor shower, Meteoroid orbit, Comet, Southern hemisphere, Shower lookup table},
         year = 2018,
        month = may,
       volume = {154},
        pages = {21-29},
          doi = {10.1016/j.pss.2018.02.013},
       adsurl = {https://ui.adsabs.harvard.edu/abs/2018P&SS..154...21J},
      adsnote = {Provided by the SAO/NASA Astrophysics Data System}
}

@ARTICLE{Jewitt2023ARAA,
       author = {{Jewitt}, David and {Seligman}, Darryl Z.},
        title = "{The Interstellar Interlopers}",
      journal = {\araa},
     keywords = {Astrophysics - Earth and Planetary Astrophysics, Astrophysics - Astrophysics of Galaxies},
         year = 2023,
        month = aug,
       volume = {61},
        pages = {197-236},
          doi = {10.1146/annurev-astro-071221-054221},
archivePrefix = {arXiv},
       eprint = {2209.08182},
 primaryClass = {astro-ph.EP},
       adsurl = {https://ui.adsabs.harvard.edu/abs/2023ARA&A..61..197J},
      adsnote = {Provided by the SAO/NASA Astrophysics Data System}
}

@ARTICLE{stohl1970,
       author = {{{\v{S}}tohl}, J.},
        title = "{On the problem of hyperbolic meteors}",
      journal = {Bulletin of the Astronomical Institutes of Czechoslovakia},
         year = 1970,
        month = jan,
       volume = {21},
        pages = {10},
       adsurl = {https://ui.adsabs.harvard.edu/abs/1970BAICz..21...10S},
      adsnote = {Provided by the SAO/NASA Astrophysics Data System}
}

@ARTICLE{Egal2017,
       author = {{Egal}, A. and {Gural}, P.~S. and {Vaubaillon}, J. and {Colas}, F. and {Thuillot}, W.},
        title = "{The challenge associated with the robust computation of meteor velocities from video and photographic records}",
      journal = {\icarus},
     keywords = {Meteors, Orbit determination, Data reduction techniques, Image processing},
         year = 2017,
        month = sep,
       volume = {294},
        pages = {43-57},
          doi = {10.1016/j.icarus.2017.04.024},
       adsurl = {https://ui.adsabs.harvard.edu/abs/2017Icar..294...43E},
      adsnote = {Provided by the SAO/NASA Astrophysics Data System}
}




@ARTICLE{Vaubaillon2022,
       author = {{Vaubaillon}, J.},
        title = "{Hyperbolic meteors: is CNEOS 2014-01-08 interstellar?}",
      journal = {WGN, Journal of the International Meteor Organization},
         year = {2022},
       volume = {50},
       number = {5},
        pages = {140-143}
}

@ARTICLE{PenaAsensio2022,
       author = {{Pe{\~n}a-Asensio}, Eloy and {Trigo-Rodr{\'\i}guez}, Josep M. and {Rimola}, Albert},
        title = "{Orbital Characterization of Superbolides Observed from Space: Dynamical Association with Near-Earth Objects, Meteoroid Streams, and Identification of Hyperbolic Meteoroids}",
      journal = {\aj},
     keywords = {Meteoroids, Meteor streams, Near-Earth objects, Interstellar objects, 1040, 1035, 1092, 52, Astrophysics - Earth and Planetary Astrophysics},
         year = 2022,
        month = sep,
       volume = {164},
       number = {3},
          eid = {76},
        pages = {76},
          doi = {10.3847/1538-3881/ac75d2},
archivePrefix = {arXiv},
       eprint = {2206.03115},
 primaryClass = {astro-ph.EP},
       adsurl = {https://ui.adsabs.harvard.edu/abs/2022AJ....164...76P},
      adsnote = {Provided by the SAO/NASA Astrophysics Data System}
}

@ARTICLE{BrownBorovicka2023,
       author = {{Brown}, Peter G. and {Borovi{\v{c}}ka}, Ji{\v{r}}{\'\i}},
        title = "{On the Proposed Interstellar Origin of the USG 20140108 Fireball}",
      journal = {\apj},
     keywords = {Interstellar objects, Meteoroids, 52, 1040, Astrophysics - Earth and Planetary Astrophysics, Astrophysics - Astrophysics of Galaxies},
         year = 2023,
        month = aug,
       volume = {953},
       number = {2},
          eid = {167},
        pages = {167},
          doi = {10.3847/1538-4357/ace421},
archivePrefix = {arXiv},
       eprint = {2306.14267},
 primaryClass = {astro-ph.EP},
       adsurl = {https://ui.adsabs.harvard.edu/abs/2023ApJ...953..167B},
      adsnote = {Provided by the SAO/NASA Astrophysics Data System}
}


@INPROCEEDINGS{Baggaley07,
       author = {{Baggaley}, W.~J. and {Marsh}, S.~H. and {Close}, S.},
        title = "{Interstellar Meteors}",
    booktitle = {Dust in Planetary Systems},
         year = 2007,
       editor = {{Krueger}, H. and {Graps}, A.},
       series = {ESA Special Publication},
       volume = {643},
        month = jan,
        pages = {27-32},
       adsurl = {https://ui.adsabs.harvard.edu/abs/2007ESASP.643...27B},
      adsnote = {Provided by the SAO/NASA Astrophysics Data System}
}


@article{GreggWiegert2025,
    doi = {10.3847/PSJ/adb1e9},
    url = {https://dx.doi.org/10.3847/PSJ/adb1e9},
    year = {2025},
    month = {mar},
    publisher = {The American Astronomical Society},
    volume = {6},
    number = {3},
    pages = {56},
    author = {Gregg, Cole R. and Wiegert, Paul A.},
    title = {A Case Study of Interstellar Material Delivery: alpha Centauri},
    journal = {The Planetary Science Journal},
    abstract = {Interstellar material has been discovered in our solar system, yet its origins and details of its transport are unknown. Here, we present α Centauri as a case study of the delivery of interstellar material to our solar system. α Centauri is a mature triple star system that likely harbors planets, and is moving toward us with the point of the closest approach approximately 28,000 yr in the future. Assuming a current ejection model for the system, we find that such material can reach our solar system and may currently be present here. The material that does reach us is mostly a product of low (&lt;2 km s−1) ejection velocities, and the rate at which it enters our solar system is expected to peak around the time of α Centauri’s closest approach. If α Centauri ejects material at a rate comparable to our own solar system, we estimate the current number of α Centauri particles larger than 100 m in diameter within our Oort Cloud to be 106, and during α Centauri’s closest approach, this will increase by an order of magnitude. However, the observable fraction of such objects remains low as there is only a probability of 10−6 that one of them is within 10 au of the Sun. A small number (∼10) of meteors &gt;100 μm from α Centauri may currently be entering Earth’s atmosphere every year: this number is very sensitive to the assumed ejected mass distribution, but the flux is expected to increase as α Centauri approaches.}
}


@ARTICLE{Musci12,
       author = {{Musci}, R. and {Weryk}, R.~J. and {Brown}, P. and {Campbell-Brown}, M.~D. and {Wiegert}, P.~A.},
        title = "{An Optical Survey for Millimeter-sized Interstellar Meteoroids}",
      journal = {\apj},
     keywords = {dust, extinction, meteorites, meteors, meteoroids, Astrophysics - Earth and Planetary Astrophysics, Astrophysics - Solar and Stellar Astrophysics},
         year = 2012,
        month = feb,
       volume = {745},
       number = {2},
          eid = {161},
        pages = {161},
          doi = {10.1088/0004-637X/745/2/161},
archivePrefix = {arXiv},
       eprint = {1110.5882},
 primaryClass = {astro-ph.EP},
       adsurl = {https://ui.adsabs.harvard.edu/abs/2012ApJ...745..161M},
      adsnote = {Provided by the SAO/NASA Astrophysics Data System}
}

 @ARTICLE{Seligman2018,
       author = {{Seligman}, Darryl and {Laughlin}, Gregory},
        title = "{The Feasibility and Benefits of In Situ Exploration of {\textquoteleft}Oumuamua-like Objects}",
      journal = {\aj},
     keywords = {minor planets, asteroids: individual: 1I\&2017 U1 ({\textquoteleft}Oumuamua, local interstellar matter, Astrophysics - Earth and Planetary Astrophysics},
         year = 2018,
        month = may,
       volume = {155},
       number = {5},
          eid = {217},
        pages = {217},
          doi = {10.3847/1538-3881/aabd37},
archivePrefix = {arXiv},
       eprint = {1803.07022},
 primaryClass = {astro-ph.EP},
       adsurl = {https://ui.adsabs.harvard.edu/abs/2018AJ....155..217S},
      adsnote = {Provided by the SAO/NASA Astrophysics Data System}
}

@ARTICLE{Stern2024,
       author = {{Stern}, S. Alan and {Protopapa}, Silvia and {Freeman}, Matthew and {Parker}, Joel Wm. and {Tapley}, Mark and {Seligman}, Darryl Z. and {Andersson}, Caden},
        title = "{A study of an interstellar object explorer (IOE) mission}",
      journal = {\planss},
     keywords = {Comets, Interstellar objects, Interstellar comets, Space missions},
         year = 2024,
        month = feb,
       volume = {241},
          eid = {105850},
        pages = {105850},
          doi = {10.1016/j.pss.2024.105850},
       adsurl = {https://ui.adsabs.harvard.edu/abs/2024P&SS..24105850S},
      adsnote = {Provided by the SAO/NASA Astrophysics Data System}
}

@ARTICLE{Hoover2022,
       author = {{Hoover}, Devin J. and {Seligman}, Darryl Z. and {Payne}, Matthew J.},
        title = "{The Population of Interstellar Objects Detectable with the LSST and Accessible for In Situ Rendezvous with Various Mission Designs}",
      journal = {\psj},
     keywords = {Interstellar objects, 52, Astrophysics - Earth and Planetary Astrophysics, Astrophysics - Astrophysics of Galaxies, Astrophysics - Instrumentation and Methods for Astrophysics, Astrophysics - Solar and Stellar Astrophysics},
         year = 2022,
        month = mar,
       volume = {3},
       number = {3},
          eid = {71},
        pages = {71},
          doi = {10.3847/PSJ/ac58fe},
archivePrefix = {arXiv},
       eprint = {2109.10406},
 primaryClass = {astro-ph.EP},
       adsurl = {https://ui.adsabs.harvard.edu/abs/2022PSJ.....3...71H},
      adsnote = {Provided by the SAO/NASA Astrophysics Data System}
}

@ARTICLE{Sterken2019,
       author = {{Sterken}, Veerle J. and {Westphal}, Andrew J. and {Altobelli}, Nicolas and {Malaspina}, David and {Postberg}, Frank},
        title = "{Interstellar Dust in the Solar System}",
      journal = {\ssr},
     keywords = {Dust, ISM, LIC, Meteoroids, Zodiacal dust, Interplanetary medium, Interstellar dust},
         year = 2019,
        month = oct,
       volume = {215},
       number = {7},
          eid = {43},
        pages = {43},
          doi = {10.1007/s11214-019-0607-9},
       adsurl = {https://ui.adsabs.harvard.edu/abs/2019SSRv..215...43S},
      adsnote = {Provided by the SAO/NASA Astrophysics Data System}
}

@ARTICLE{Froncisz2020,
       author = {{Froncisz}, Mark and {Brown}, Peter and {Weryk}, Robert J.},
        title = "{Possible interstellar meteoroids detected by the Canadian Meteor Orbit Radar}",
      journal = {\planss},
     keywords = {Meteors, Interstellar meteoroids, Radar observations, Interplanetary dust, Astrophysics - Earth and Planetary Astrophysics},
         year = 2020,
        month = oct,
       volume = {190},
          eid = {104980},
        pages = {104980},
          doi = {10.1016/j.pss.2020.104980},
archivePrefix = {arXiv},
       eprint = {2005.10896},
 primaryClass = {astro-ph.EP},
       adsurl = {https://ui.adsabs.harvard.edu/abs/2020P&SS..19004980F},
      adsnote = {Provided by the SAO/NASA Astrophysics Data System}
}

@INCOLLECTION{Zinner2014,
       author = {{Zinner}, E.},
        title = "{Presolar Grains}",
    booktitle = {Meteorites and Cosmochemical Processes},
         year = 2014,
       editor = {{Davis}, Andrew M.},
       volume = {1},
        pages = {181-213},
    publisher = "{}",
       adsurl = {https://ui.adsabs.harvard.edu/abs/2014mcp..book..181Z},
      adsnote = {Provided by the SAO/NASA Astrophysics Data System}
}

@ARTICLE{Tonry2018a,
       author = {{Tonry}, J.~L. and {Denneau}, L. and {Heinze}, A.~N. and {Stalder}, B. and {Smith}, K.~W. and {Smartt}, S.~J. and {Stubbs}, C.~W. and {Weiland}, H.~J. and {Rest}, A.},
        title = "{ATLAS: A High-cadence All-sky Survey System}",
      journal = {\pasp},
     keywords = {Astrophysics - Instrumentation and Methods for Astrophysics},
         year = 2018,
        month = jun,
       volume = {130},
       number = {988},
        pages = {064505},
          doi = {10.1088/1538-3873/aabadf},
archivePrefix = {arXiv},
       eprint = {1802.00879},
 primaryClass = {astro-ph.IM},
       adsurl = {https://ui.adsabs.harvard.edu/abs/2018PASP..130f4505T},
      adsnote = {Provided by the SAO/NASA Astrophysics Data System}
}
@ARTICLE{Tonry2018b,
       author = {{Tonry}, J.~L. and {Denneau}, L. and {Flewelling}, H. and {Heinze}, A.~N. and {Onken}, C.~A. and {Smartt}, S.~J. and {Stalder}, B. and {Weiland}, H.~J. and {Wolf}, C.},
        title = "{The ATLAS All-Sky Stellar Reference Catalog}",
      journal = {\apj},
     keywords = {atmospheric effects, instrumentation: photometers, surveys, techniques: photometric, Astrophysics - Instrumentation and Methods for Astrophysics},
         year = 2018,
        month = nov,
       volume = {867},
       number = {2},
          eid = {105},
        pages = {105},
          doi = {10.3847/1538-4357/aae386},
archivePrefix = {arXiv},
       eprint = {1809.09157},
 primaryClass = {astro-ph.IM},
       adsurl = {https://ui.adsabs.harvard.edu/abs/2018ApJ...867..105T},
      adsnote = {Provided by the SAO/NASA Astrophysics Data System}
}



@ARTICLE{Levine2021,
       author = {{Levine}, W. Garrett and {Cabot}, Samuel H.~C. and {Seligman}, Darryl and {Laughlin}, Gregory},
        title = "{Constraints on the Occurrence of 'Oumuamua-Like Objects}",
      journal = {\apj},
     keywords = {Interstellar objects, Small Solar System bodies, 52, 1469, Astrophysics - Earth and Planetary Astrophysics, Astrophysics - Astrophysics of Galaxies},
         year = 2021,
        month = nov,
       volume = {922},
       number = {1},
          eid = {39},
        pages = {39},
          doi = {10.3847/1538-4357/ac1fe6},
archivePrefix = {arXiv},
       eprint = {2108.11194},
 primaryClass = {astro-ph.EP},
       adsurl = {https://ui.adsabs.harvard.edu/abs/2021ApJ...922...39L},
      adsnote = {Provided by the SAO/NASA Astrophysics Data System}
}

@ARTICLE{Trilling2017,
       author = {{Trilling}, David E. and {Robinson}, Tyler and {Roegge}, Alissa and {Chand
        ler}, Colin Orion and {Smith}, Nathan and {Loeffler}, Mark and
         {Trujillo}, Chad and {Navarro-Meza}, Samuel and {Glaspie}, Lori M.},
        title = "{Implications for Planetary System Formation from Interstellar Object 1I/2017 U1 ({\textquoteleft}Oumuamua)}",
      journal = {\apjl},
     keywords = {comets: individual: 1I\&amp;2017 U1 ({\textquoteleft}Oumuamua, local interstellar matter, minor planets, asteroids: individual: 1I\&amp;2017 U1 ({\textquoteleft}Oumuamua, planetary systems, protoplanetary disks, solar neighborhood, Astrophysics - Earth and Planetary Astrophysics},
         year = "2017",
        month = "Dec",
       volume = {850},
       number = {2},
          eid = {L38},
        pages = {L38},
          doi = {10.3847/2041-8213/aa9989},
archivePrefix = {arXiv},
       eprint = {1711.01344},
 primaryClass = {astro-ph.EP},
       adsurl = {https://ui.adsabs.harvard.edu/abs/2017ApJ...850L..38T},
      adsnote = {Provided by the SAO/NASA Astrophysics Data System}
}


@ARTICLE{Laughlin2017,
   author = {{Laughlin}, G. and {Batygin}, K.},
    title = "{On the Consequences of the Detection of an Interstellar Asteroid}",
  journal = {Research Notes of the American Astronomical Society},
archivePrefix = "arXiv",
   eprint = {1711.02260},
 primaryClass = "astro-ph.EP",
     year = 2017,
    month = dec,
   volume = 1,
   number = 1,
      eid = {43},
    pages = {43},
      doi = {10.3847/2515-5172/aaa02b},
   adsurl = {http://adsabs.harvard.edu/abs/2017RNAAS...1a..43L},
  adsnote = {Provided by the SAO/NASA Astrophysics Data System}
}

@ARTICLE{Grun2000,
       author = {{Gr{\"u}n}, Eberhard and {Landgraf}, Markus and {Hor{\'a}nyi}, Mihaly and {Kissel}, Jochen and {Kr{\"u}ger}, Harald and {Srama}, Ralf and {Svedhem}, H{\r{a}}kan and {Withnell}, Peter},
        title = "{Techniques for galactic dust measurements in the heliosphere}",
      journal = {\jgr},
     keywords = {Interplanetary Physics: Interplanetary dust, Interplanetary Physics: Instruments and techniques, Planetology: Solar System Objects: Extraterrestrial materials, Astrophysics},
         year = 2000,
        month = may,
       volume = {105},
       number = {A5},
        pages = {10403-10410},
          doi = {10.1029/1999JA900376},
archivePrefix = {arXiv},
       eprint = {astro-ph/9908022},
 primaryClass = {astro-ph},
       adsurl = {https://ui.adsabs.harvard.edu/abs/2000JGR...10510403G},
      adsnote = {Provided by the SAO/NASA Astrophysics Data System}
}

@ARTICLE{Grun1997,
       author = {{Gr{\"u}n}, E. and {Staubach}, P. and {Baguhl}, M. and {Hamilton}, D.~P. and {Zook}, H.~A. and {Dermott}, S. and {Gustafson}, B.~A. and {Fechtig}, H. and {Kissel}, J. and {Linkert}, D. and {Linkert}, G. and {Srama}, R. and {Hanner}, M.~S. and {Polanskey}, C. and {Horanyi}, M. and {Lindblad}, B.~A. and {Mann}, I. and {McDonnell}, J.~A.~M. and {Morfill}, G.~E. and {Schwehm}, G.},
        title = "{South-North and Radial Traverses through the Interplanetary Dust Cloud}",
      journal = {\icarus},
         year = 1997,
        month = oct,
       volume = {129},
       number = {2},
        pages = {270-288},
          doi = {10.1006/icar.1997.5789},
       adsurl = {https://ui.adsabs.harvard.edu/abs/1997Icar..129..270G},
      adsnote = {Provided by the SAO/NASA Astrophysics Data System}
}

@ARTICLE{Grun1993,
       author = {{Grun}, E. and {Zook}, H.~A. and {Baguhl}, M. and {Balogh}, A. and {Bame}, S.~J. and {Fechtig}, H. and {Forsyth}, R. and {Hanner}, M.~S. and {Horanyi}, M. and {Kissel}, J. and {Lindblad}, B. -A. and {Linkert}, D. and {Linkert}, G. and {Mann}, I. and {McDonnell}, J.~A.~M. and {Morfill}, G.~E. and {Phillips}, J.~L. and {Polanskey}, C. and {Schwehm}, G. and {Siddique}, N. and {Staubach}, P. and {Svestka}, J. and {Taylor}, A.},
        title = "{Discovery of Jovian dust streams and interstellar grains by the Ulysses spacecraft}",
      journal = {\nat},
     keywords = {Cosmic Dust, Interstellar Matter, Jupiter (Planet), Planetary Composition, Spacecraft Orbits, Ulysses Mission, Interplanetary Dust, Particle Size Distribution, Astrophysics; Jupiter, JUPITER, DUST, SPACECRAFT OBSERVATIONS, ULYSSES MISSION, PARTICLES, PERIODICITY, ORIGIN, SOURCE, FLUX, SIZE, VELOCITY, ORBITS, EJECTA, RETROGRADE MOTION, INTERSTELLAR MATERIAL, MAGNETIC FIELD, COMPARISONS, CHARGED PARTICLES, MOTION, ELECTROMAGNETIC EFFECTS, ORBITAL ELEMENTS, SOLAR WIND, MAGNETOSPHERE},
         year = 1993,
        month = apr,
       volume = {362},
       number = {6419},
        pages = {428-430},
          doi = {10.1038/362428a0},
       adsurl = {https://ui.adsabs.harvard.edu/abs/1993Natur.362..428G},
      adsnote = {Provided by the SAO/NASA Astrophysics Data System}
}

@ARTICLE{Meisel2002a,
       author = {{Meisel}, David D. and {Janches}, Diego and {Mathews}, John D.},
        title = "{Extrasolar Micrometeors Radiating from the Vicinity of the Local Interstellar Bubble}",
      journal = {\apj},
     keywords = {ISM: Dust, Extinction, ISM: Bubbles, Meteors, Meteoroids, ISM: Supernova Remnants, Stars: Supernovae: Individual: Name: Geminga},
         year = 2002,
        month = mar,
       volume = {567},
       number = {1},
        pages = {323-341},
          doi = {10.1086/322317},
       adsurl = {https://ui.adsabs.harvard.edu/abs/2002ApJ...567..323M},
      adsnote = {Provided by the SAO/NASA Astrophysics Data System}
}

@ARTICLE{Meisel2002b,
       author = {{Meisel}, David D. and {Janches}, Diego and {Mathews}, John D.},
        title = "{The Size Distribution of Arecibo Interstellar Particles and Its Implications}",
      journal = {\apj},
     keywords = {Interplanetary Medium, Meteors, Meteoroids, Stars: Supernovae: General},
         year = 2002,
        month = nov,
       volume = {579},
       number = {2},
        pages = {895-904},
          doi = {10.1086/342919},
       adsurl = {https://ui.adsabs.harvard.edu/abs/2002ApJ...579..895M},
      adsnote = {Provided by the SAO/NASA Astrophysics Data System}
}

@INPROCEEDINGS{Mathews1999,
       author = {{Mathews}, J.~D. and {Meisel}, D.~D. and {Janches}, D. and {Getman}, V.~S. and {Zhou}, Q. -H.},
        title = "{Possible origins of low inclination antapex micrometeors observed using the Arecibo UHF radar}",
    booktitle = {Meteroids 1998},
         year = 1999,
       editor = {{Baggaley}, W.~J. and {Porubcan}, V.},
        month = jan,
        pages = {79},
       adsurl = {https://ui.adsabs.harvard.edu/abs/1999md98.conf...79M},
      adsnote = {Provided by the SAO/NASA Astrophysics Data System}
}
@INPROCEEDINGS{Baggaley1993,
       author = {{Baggaley}, W.~J. and {Taylor}, A.~D. and {Steel}, D.~I.},
        title = "{The influx of meteoroids with hyperbolic heliocentric orbits}",
    booktitle = {Meteoroids and their Parent Bodies},
         year = 1993,
       editor = {{Stohl}, J. and {Williams}, I.~P.},
        month = jan,
        pages = {53},
       adsurl = {https://ui.adsabs.harvard.edu/abs/1993mtpb.conf...53B},
      adsnote = {Provided by the SAO/NASA Astrophysics Data System}
}

@ARTICLE{Baggaley2000,
       author = {{Baggaley}, W. Jack},
        title = "{Advanced Meteor Orbit Radar observations of interstellar meteoroids}",
      journal = {\jgr},
     keywords = {Interplanetary Physics: Interplanetary dust, Planetology: Solar System Objects: Meteors},
         year = 2000,
        month = may,
       volume = {105},
       number = {A5},
        pages = {10353-10362},
          doi = {10.1029/1999JA900383},
       adsurl = {https://ui.adsabs.harvard.edu/abs/2000JGR...10510353B},
      adsnote = {Provided by the SAO/NASA Astrophysics Data System}
}

@ARTICLE{Taylor1996,
       author = {{Taylor}, A.~D. and {Baggaley}, W.~J. and {Steel}, D.~I.},
        title = "{Discovery of interstellar dust entering the Earth's atmosphere}",
      journal = {\nat},
         year = 1996,
        month = mar,
       volume = {380},
       number = {6572},
        pages = {323-325},
          doi = {10.1038/380323a0},
       adsurl = {https://ui.adsabs.harvard.edu/abs/1996Natur.380..323T},
      adsnote = {Provided by the SAO/NASA Astrophysics Data System}
}

@ARTICLE{Weryk2004,
       author = {{Weryk}, R.~J. and {Brown}, P.},
        title = "{A search for interstellar meteoroids using the Canadian Meteor Orbit Radar (CMOR)}",
      journal = {Earth Moon and Planets},
     keywords = {Interstellar, meteoroids, meteors, radar},
         year = 2004,
        month = dec,
       volume = {95},
       number = {1-4},
        pages = {221-227},
          doi = {10.1007/s11038-005-9034-x},
       adsurl = {https://ui.adsabs.harvard.edu/abs/2004EM&P...95..221W},
      adsnote = {Provided by the SAO/NASA Astrophysics Data System}
}

@INPROCEEDINGS{Hawkes1999,
       author = {{Hawkes}, R.~L. and {Close}, T. and {Woodwoth}, S.},
        title = "{Meteoroids from outside the Solar System}",
    booktitle = {Meteroids 1998},
         year = 1999,
       editor = {{Baggaley}, W.~J. and {Porubcan}, V.},
        month = jan,
        pages = {257},
       adsurl = {https://ui.adsabs.harvard.edu/abs/1999md98.conf..257H},
      adsnote = {Provided by the SAO/NASA Astrophysics Data System}
}
@INPROCEEDINGS{Hajdukova2002,
       author = {{Hajdukov{\'a}}, M{\'a}ria, Jr. and {Paulech}, Tom{\'a}{\v{s}}},
        title = "{Interstellar and interplanetary meteoroid flux from updated IAU MDC data}",
     keywords = {Meteoroids: Statistics},
    booktitle = {Asteroids, Comets, and Meteors: ACM 2002},
         year = 2002,
       editor = {{Warmbein}, Barbara},
       series = {ESA Special Publication},
       volume = {500},
        month = nov,
        pages = {173-176},
       adsurl = {https://ui.adsabs.harvard.edu/abs/2002ESASP.500..173H},
      adsnote = {Provided by the SAO/NASA Astrophysics Data System}
}


@ARTICLE{MoroMartin2022_seeds,
       author = {{Moro-Mart{\'\i}n}, Amaya and {Norman}, Colin},
        title = "{Interstellar Planetesimals: Potential Seeds for Planet Formation?}",
      journal = {\apj},
     keywords = {1257, 1072, 52, 1300, 847, 1469, 74, Astrophysics - Earth and Planetary Astrophysics, Astrophysics - Astrophysics of Galaxies, Astrophysics - Solar and Stellar Astrophysics},
         year = 2022,
        month = jan,
       volume = {924},
       number = {2},
          eid = {96},
        pages = {96},
          doi = {10.3847/1538-4357/ac32cc},
archivePrefix = {arXiv},
       eprint = {2110.15366},
 primaryClass = {astro-ph.EP},
       adsurl = {https://ui.adsabs.harvard.edu/abs/2022ApJ...924...96M},
      adsnote = {Provided by the SAO/NASA Astrophysics Data System}
}



@ARTICLE{Forbes2024,
       author = {{Forbes}, John C. and {Bannister}, Michele T. and {Lintott}, Chris and {Forrest}, Angus and {Portegies Zwart}, Simon and {Dorsey}, Rosemary C. and {Albrow}, Leah and {Hopkins}, Matthew J.},
        title = "{He awa whiria: the tidal streams of interstellar objects}",
      journal = {arXiv e-prints},
     keywords = {Astrophysics - Earth and Planetary Astrophysics, Astrophysics - Astrophysics of Galaxies},
         year = 2024,
        month = nov,
          eid = {arXiv:2411.14577},
        pages = {arXiv:2411.14577},
          doi = {10.48550/arXiv.2411.14577},
archivePrefix = {arXiv},
       eprint = {2411.14577},
 primaryClass = {astro-ph.EP},
       adsurl = {https://ui.adsabs.harvard.edu/abs/2024arXiv241114577F},
      adsnote = {Provided by the SAO/NASA Astrophysics Data System}
}

@ARTICLE{Wiegert2025,
       author = {{Wiegert}, Paul and {Tran}, Vanessa and {Gregg}, Cole and {Vida}, Denis and {Brown}, Peter},
        title = "{An Upper Limit on the Interstellar Meteoroid Flux at Video Sizes from the Global Meteor Network}",
      journal = {arXiv e-prints},
     keywords = {Earth and Planetary Astrophysics, Astrophysics of Galaxies, Instrumentation and Methods for Astrophysics},
         year = 2025,
        month = mar,
          eid = {arXiv:2503.19042},
        pages = {arXiv:2503.19042},
archivePrefix = {arXiv},
       eprint = {2503.19042},
 primaryClass = {astro-ph.EP},
       adsurl = {https://ui.adsabs.harvard.edu/abs/2025arXiv250319042W},
      adsnote = {Provided by the SAO/NASA Astrophysics Data System}
}



@ARTICLE{sekanina1976probability,
       author = {{Sekanina}, Z.},
        title = "{A Probability of Encounter with Interstellar Comets and the Likelihood of their Existence}",
      journal = {\icarus},
     keywords = {Comets, Interstellar Matter, Solar System, Encounters, Maxwell-Boltzmann Density Function, Oort Cloud, Orbital Elements, Perihelions, Probability Theory, Spatial Distribution, Velocity Distribution, Astrophysics},
         year = 1976,
        month = jan,
       volume = {27},
       number = {1},
        pages = {123-133},
          doi = {10.1016/0019-1035(76)90189-5},
       adsurl = {https://ui.adsabs.harvard.edu/abs/1976Icar...27..123S},
      adsnote = {Provided by the SAO/NASA Astrophysics Data System}
}

@ARTICLE{mcglynn1989nondetection,
       author = {{McGlynn}, Thomas A. and {Chapman}, Robert D.},
        title = "{On the Nondetection of Extrasolar Comets}",
      journal = {\apjl},
     keywords = {Comets, Oort Cloud, Astronomical Spectroscopy, Orbital Mechanics, Solar System, Velocity Distribution, Astronomy, COMETS},
         year = 1989,
        month = nov,
       volume = {346},
        pages = {L105},
          doi = {10.1086/185590},
       adsurl = {https://ui.adsabs.harvard.edu/abs/1989ApJ...346L.105M},
      adsnote = {Provided by the SAO/NASA Astrophysics Data System}
}
@ARTICLE{francis2005demographics,
       author = {{Francis}, Paul J.},
        title = "{The Demographics of Long-Period Comets}",
      journal = {\apj},
     keywords = {Comets: General, Oort Cloud, Solar System: Formation, Astrophysics},
         year = 2005,
        month = dec,
       volume = {635},
       number = {2},
        pages = {1348-1361},
          doi = {10.1086/497684},
archivePrefix = {arXiv},
       eprint = {astro-ph/0509074},
 primaryClass = {astro-ph},
       adsurl = {https://ui.adsabs.harvard.edu/abs/2005ApJ...635.1348F},
      adsnote = {Provided by the SAO/NASA Astrophysics Data System}
}


@ARTICLE{Moro2009,
   author = {{Moro-Mart{\'{\i}}n}, A. and {Turner}, E.~L. and {Loeb}, A.},
    title = "{Will the Large Synoptic Survey Telescope Detect Extra-Solar Planetesimals Entering the Solar System?}",
  journal = {\apj},
archivePrefix = "arXiv",
   eprint = {0908.3948},
 primaryClass = "astro-ph.EP",
 keywords = {circumstellar matter, comets: general, Kuiper Belt, minor planets, asteroids, planetary systems, solar system: formation},
     year = 2009,
    month = oct,
   volume = 704,
    pages = {733-742},
      doi = {10.1088/0004-637X/704/1/733},
   adsurl = {http://adsabs.harvard.edu/abs/2009ApJ...704..733M},
  adsnote = {Provided by the SAO/NASA Astrophysics Data System}
}
@article{Trilling2018,
  title={Spitzer observations of interstellar object 1I/‘Oumuamua},
  author={Trilling, David E and Mommert, Michael and Hora, Joseph L and Farnocchia, Davide and Chodas, Paul and Giorgini, Jon and Smith, Howard A and Carey, Sean and Lisse, Carey M and Werner, Michael and others},
  journal={\aj},
  volume={156},
  number={6},
  pages={261},
  year={2018},
  publisher={IOP Publishing}
}

@ARTICLE{Knight2017,
       author = {{Knight}, Matthew M. and {Protopapa}, Silvia and
         {Kelley}, Michael S.~P. and {Farnham}, Tony L. and {Bauer}, James M. and
         {Bodewits}, Dennis and {Feaga}, Lori M. and {Sunshine}, Jessica M.},
        title = "{On the Rotation Period and Shape of the Hyperbolic Asteroid 1I/{\textquoteleft}Oumuamua (2017 U1) from Its Lightcurve}",
      journal = {ApJL},
     keywords = {comets: general, ISM: individual objects: 1I\&amp;{\textquoteleft}Oumuamua (2017 U1, methods: observational, minor planets, asteroids: individual: 1I\&amp;{\textquoteleft}Oumuamua (2017 U1, techniques: photometric, Astrophysics - Earth and Planetary Astrophysics},
         year = "2017",
        month = "Dec",
       volume = {851},
       number = {2},
          eid = {L31},
        pages = {L31},
          doi = {10.3847/2041-8213/aa9d81},
archivePrefix = {arXiv},
       eprint = {1711.01402},
 primaryClass = {astro-ph.EP},
       adsurl = {https://ui.adsabs.harvard.edu/abs/2017ApJ...851L..31K},
      adsnote = {Provided by the SAO/NASA Astrophysics Data System}
}

@ARTICLE{Bolin2017,
       author = {{Bolin}, Bryce T. and {Weaver}, Harold A. and {Fernandez}, Yanga R. and
         {Lisse}, Carey M. and {Huppenkothen}, Daniela and {Jones}, R. Lynne and
         {Juri{\'c}}, Mario and {Moeyens}, Joachim and {Schambeau}, Charles A. and
         {Slater}, Colin. T. and {Ivezi{\'c}}, {\v{Z}}eljko and
         {Connolly}, Andrew J.},
        title = "{APO Time-resolved Color Photometry of Highly Elongated Interstellar Object 1I/{\textquoteleft}Oumuamua}",
      journal = {ApJL},
     keywords = {local interstellar matter, minor planets, asteroids: individual: 1I\&amp;2017 U1 ({\textquoteleft}Oumuamua, Astrophysics - Earth and Planetary Astrophysics},
         year = "2018",
        month = "Jan",
       volume = {852},
       number = {1},
          eid = {L2},
        pages = {L2},
          doi = {10.3847/2041-8213/aaa0c9},
archivePrefix = {arXiv},
       eprint = {1711.04927},
 primaryClass = {astro-ph.EP},
       adsurl = {https://ui.adsabs.harvard.edu/abs/2018ApJ...852L...2B},
      adsnote = {Provided by the SAO/NASA Astrophysics Data System}
}


@ARTICLE{Fraser2017,
       author = {{Fraser}, Wesley C. and {Pravec}, Petr and {Fitzsimmons}, Alan and
         {Lacerda}, Pedro and {Bannister}, Michele T. and {Snodgrass}, Colin and
         {Smoli{\'c}}, Igor},
        title = "{The tumbling rotational state of 1I/`Oumuamua}",
      journal = {Nature Astronomy},
     keywords = {Astrophysics - Earth and Planetary Astrophysics},
         year = "2018",
        month = "Feb",
       volume = {2},
        pages = {383-386},
          doi = {10.1038/s41550-018-0398-z},
archivePrefix = {arXiv},
       eprint = {1711.11530},
 primaryClass = {astro-ph.EP},
       adsurl = {https://ui.adsabs.harvard.edu/abs/2018NatAs...2..383F},
      adsnote = {Provided by the SAO/NASA Astrophysics Data System}
}

@ARTICLE{Drahus2017,
       author = {{Drahus}, Micha{\l} and {Yang}, Bin and {Lis}, Dariusz C. and {Jewitt}, David},
        title = "{New Limits to CO Outgassing in Centaurs}",
      journal = {\mnras},
     keywords = {Kuiper belt: general, comets: general, minor planets, asteroids: individual: (315898), (342842), (382004), radio lines: general, asteroids: individual: 315898, asteroids: individual: 342842, planets, asteroids: individual: 382004},
         year = 2017,
        month = jul,
       volume = {468},
       number = {3},
        pages = {2897-2909},
          doi = {10.1093/mnras/stw2227},
       adsurl = {https://ui.adsabs.harvard.edu/abs/2017MNRAS.468.2897D},
      adsnote = {Provided by the SAO/NASA Astrophysics Data System}
}

@ARTICLE{Belton2018,
   author = {{Belton}, M.~J.~S. and {Hainaut}, O.~R. and {Meech}, K.~J. and
	{Mueller}, B.~E.~A. and {Kleyna}, J.~T. and {Weaver}, H.~A. and
	{Buie}, M.~W. and {Drahus}, M. and {Guzik}, P. and {Wainscoat}, R.~J. and
	{Waniak}, W. and {Handzlik}, B. and {Kurowski}, S. and {Xu}, S. and
	{Sheppard}, S.~S. and {Micheli}, M. and {Ebeling}, H. and {Keane}, J.~V.
	},
    title = "{The Excited Spin State of 1I/2017 U1 Oumuamua}",
  journal = {ApJL},
archivePrefix = "arXiv",
 keywords = {comets: general, minor planets, asteroids: individual: 1I{\amp}2017 U1},
     year = 2018,
    month = apr,
   volume = 856,
      eid = {L21},
    pages = {L21},
      doi = {10.3847/2041-8213/aab370},
   adsurl = {https://ui.adsabs.harvard.edu/abs/2018ApJ...856L..21B},
  adsnote = {Provided by the SAO/NASA Astrophysics Data System}
}

@ARTICLE{McNeill2018,
   author = {{McNeill}, A. and {Trilling}, D.~E. and {Mommert}, M.},
    title = "{Constraints on the Density and Internal Strength of 1I/Oumuamua}",
  journal = {ApJL},
archivePrefix = "arXiv",
   eprint = {1803.09864},
 primaryClass = "astro-ph.EP",
 keywords = {methods: statistical, minor planets, asteroids: individual: 1I{\amp}Ouamuamua, techniques: photometric },
     year = 2018,
    month = apr,
   volume = 857,
      eid = {L1},
    pages = {L1},
      doi = {10.3847/2041-8213/aab9ab},
   adsurl = {http://adsabs.harvard.edu/abs/2018ApJ...857L...1M},
  adsnote = {Provided by the SAO/NASA Astrophysics Data System}
}

@ARTICLE{Mashchenko2019,
       author = {{Mashchenko}, Sergey},
        title = "{Modelling the light curve of `Oumuamua: evidence for torque and disc-like shape}",
      journal = {MNRAS},
     keywords = {methods: numerical, minor planets, asteroids: general, asteroids: individual: `Oumuamua, asteroids: individual: 'Oumuamua, Astrophysics - Earth and Planetary Astrophysics},
         year = "2019",
        month = "Nov",
       volume = {489},
       number = {3},
        pages = {3003-3021},
          doi = {10.1093/mnras/stz2380},
archivePrefix = {arXiv},
       eprint = {1906.03696},
 primaryClass = {astro-ph.EP},
       adsurl = {https://ui.adsabs.harvard.edu/abs/2019MNRAS.489.3003M},
      adsnote = {Provided by the SAO/NASA Astrophysics Data System}
}


@ARTICLE{Masiero2017,
       author = {{Masiero}, Joseph},
        title = "{Palomar Optical Spectrum of Hyperbolic Near-Earth Object A/2017 U1}",
      journal = {arXiv e-prints},
     keywords = {Astrophysics - Earth and Planetary Astrophysics},
         year = 2017,
        month = oct,
          eid = {arXiv:1710.09977},
        pages = {arXiv:1710.09977},
archivePrefix = {arXiv},
       eprint = {1710.09977},
 primaryClass = {astro-ph.EP},
       adsurl = {https://ui.adsabs.harvard.edu/abs/2017arXiv171009977M},
      adsnote = {Provided by the SAO/NASA Astrophysics Data System}
}

@ARTICLE{Fitzsimmons2017,
       author = {{Fitzsimmons}, Alan and {Snodgrass}, Colin and {Rozitis}, Ben and
         {Yang}, Bin and {Hyland}, M{\'e}abh and {Seccull}, Tom and
         {Bannister}, Michele T. and {Fraser}, Wesley C. and {Jedicke}, Robert and
         {Lacerda}, Pedro},
        title = "{Spectroscopy and thermal modelling of the first interstellar object 1I/2017 U1 `Oumuamua}",
      journal = {Nature Astronomy},
     keywords = {Astrophysics - Earth and Planetary Astrophysics},
         year = "2018",
        month = "Dec",
       volume = {2},
        pages = {133-137},
          doi = {10.1038/s41550-017-0361-4},
archivePrefix = {arXiv},
       eprint = {1712.06552},
 primaryClass = {astro-ph.EP},
       adsurl = {https://ui.adsabs.harvard.edu/abs/2018NatAs...2..133F},
      adsnote = {Provided by the SAO/NASA Astrophysics Data System}
}

@ARTICLE{Bannister2017,
       author = {{Bannister}, Michele T. and {Schwamb}, Megan E. and {Fraser}, Wesley C. and
         {Marsset}, Michael and {Fitzsimmons}, Alan and {Benecchi}, Susan D. and
         {Lacerda}, Pedro and {Pike}, Rosemary E. and {Kavelaars}, J.~J. and
         {Smith}, Adam B. and {Stewart}, Sunny O. and {Wang}, Shiang-Yu and
         {Lehner}, Matthew J.},
        title = "{Col-OSSOS: Colors of the Interstellar Planetesimal 1I/{\textquoteleft}Oumuamua}",
      journal = {ApJL},
     keywords = {minor planets, asteroids: individual: 1I\&amp;2017 U1 ({\textquoteleft}Oumuamua, Astrophysics - Earth and Planetary Astrophysics},
         year = "2017",
        month = "Dec",
       volume = {851},
       number = {2},
          eid = {L38},
        pages = {L38},
          doi = {10.3847/2041-8213/aaa07c},
archivePrefix = {arXiv},
       eprint = {1711.06214},
 primaryClass = {astro-ph.EP},
       adsurl = {https://ui.adsabs.harvard.edu/abs/2017ApJ...851L..38B},
      adsnote = {Provided by the SAO/NASA Astrophysics Data System}
}

@ARTICLE{Mamajek2017,
   author = {{Mamajek}, E.},
    title = "{Kinematics of the Interstellar Vagabond 1I/Oumuamua (A/2017 U1)}",
  journal = {Research Notes of the American Astronomical Society},
archivePrefix = "arXiv",
   eprint = {1710.11364},
 primaryClass = "astro-ph.EP",
     year = 2017,
    month = dec,
   volume = 1,
   number = 1,
      eid = {21},
    pages = {21},
      doi = {10.3847/2515-5172/aa9bdc},
   adsurl = {http://adsabs.harvard.edu/abs/2017RNAAS...1a..21M},
  adsnote = {Provided by the SAO/NASA Astrophysics Data System}
}

@ARTICLE{Gaidos2017a,
       author = {{Gaidos}, Eric and {Williams}, Jonathan and {Kraus}, Adam},
        title = "{Origin of Interstellar Object A/2017 U1 in a Nearby Young Stellar Association?}",
      journal = {RNAAS},
     keywords = {Astrophysics - Earth and Planetary Astrophysics},
         year = "2017",
        month = "Dec",
       volume = {1},
       number = {1},
          eid = {13},
        pages = {13},
          doi = {10.3847/2515-5172/aa9851},
archivePrefix = {arXiv},
       eprint = {1711.01300},
 primaryClass = {astro-ph.EP},
       adsurl = {https://ui.adsabs.harvard.edu/abs/2017RNAAS...1...13G},
      adsnote = {Provided by the SAO/NASA Astrophysics Data System}
}

@ARTICLE{Feng2018,
       author = {{Feng}, F. and {Jones}, H.~R.~A.},
        title = "{{\textquoteleft}Oumuamua as a Messenger from the Local Association}",
      journal = {\apjl},
     keywords = {evolution, galaxies: kinematics and dynamics, meteorites, meteors, meteoroids, methods: numerical, minor planets, asteroids: individual: 1I\&amp;2017 U1 ({\textquoteleft}Oumuamua, Astrophysics - Earth and Planetary Astrophysics, Astrophysics - Solar and Stellar Astrophysics},
         year = "2018",
        month = "Jan",
       volume = {852},
       number = {2},
          eid = {L27},
        pages = {L27},
          doi = {10.3847/2041-8213/aaa404},
archivePrefix = {arXiv},
       eprint = {1711.08800},
 primaryClass = {astro-ph.EP},
       adsurl = {https://ui.adsabs.harvard.edu/abs/2018ApJ...852L..27F},
      adsnote = {Provided by the SAO/NASA Astrophysics Data System}
}

@ARTICLE{Fernandes2018,
       author = {{Almeida-Fernandes}, F. and {Rocha-Pinto}, H.~J.},
        title = "{A kinematical age for the interstellar object 1I/`Oumuamua}",
      journal = {\mnras},
     keywords = {minor planets, asteroids: individual: (1I/2017 U1), stars: statistics, Galaxy: kinematics and dynamics, Astrophysics - Earth and Planetary Astrophysics, Astrophysics - Solar and Stellar Astrophysics},
         year = "2018",
        month = "Nov",
       volume = {480},
       number = {4},
        pages = {4903-4911},
          doi = {10.1093/mnras/sty2202},
archivePrefix = {arXiv},
       eprint = {1808.03637},
 primaryClass = {astro-ph.EP},
       adsurl = {https://ui.adsabs.harvard.edu/abs/2018MNRAS.480.4903A},
      adsnote = {Provided by the SAO/NASA Astrophysics Data System}
}

@article{Hallatt2020,
  title={The Dynamics of Interstellar Asteroids and Comets within the Galaxy: An Assessment of Local Candidate Source Regions for 1I/’Oumuamua and 2I/Borisov},
  author={Hallatt, Tim and Wiegert, Paul},
  journal={\aj},
  volume={159},
  number={4},
  pages={147},
  year={2020},
  publisher={IOP Publishing}
}


@ARTICLE{Hsieh2021,
       author = {{Hsieh}, Cheng-Han and {Laughlin}, Gregory and {Arce}, H{\'e}ctor G.},
        title = "{Evidence Suggesting That 'Oumuamua Is the  30 Myr Old Product of a Molecular Cloud}",
      journal = {\apj},
     keywords = {Interstellar objects, Molecular clouds, Orbits, Comets, Asteroids, Asteroid dynamics, the Milky Way, 52, 1072, 1184, 280, 72, 2210, 1054, Astrophysics - Earth and Planetary Astrophysics, Astrophysics - Astrophysics of Galaxies},
         year = 2021,
        month = aug,
       volume = {917},
       number = {1},
          eid = {20},
        pages = {20},
          doi = {10.3847/1538-4357/ac0729},
archivePrefix = {arXiv},
       eprint = {2105.14670},
 primaryClass = {astro-ph.EP},
       adsurl = {https://ui.adsabs.harvard.edu/abs/2021ApJ...917...20H},
      adsnote = {Provided by the SAO/NASA Astrophysics Data System}
}

@ARTICLE{Jewitt2019b,
       author = {{Jewitt}, David and {Luu}, Jane},
        title = "{Initial Characterization of Interstellar Comet 2I/2019 Q4 (Borisov)}",
      journal = {\apjl},
     keywords = {Comets, Astrophysics - Earth and Planetary Astrophysics},
         year = "2019",
        month = "Dec",
       volume = {886},
       number = {2},
          eid = {L29},
        pages = {L29},
          doi = {10.3847/2041-8213/ab530b},
archivePrefix = {arXiv},
       eprint = {1910.02547},
 primaryClass = {astro-ph.EP},
       adsurl = {https://ui.adsabs.harvard.edu/abs/2019ApJ...886L..29J},
      adsnote = {Provided by the SAO/NASA Astrophysics Data System}
}

@ARTICLE{Bolin2019,
       author = {{Bolin}, Bryce T. and {Lisse}, Carey M. and {Kasliwal}, Mansi M. and {Quimby}, Robert and {Tan}, Hanjie and {Copperwheat}, Chris M. and {Lin}, Zhong-Yi and {Morbidelli}, Alessandro and {Abe}, Lyu and {Bendjoya}, Philippe and {Burdge}, Kevin B. and {Coughlin}, Michael and {Fremling}, Christoffer and {Itoh}, Ryosuke and {Koss}, Michael and {Masci}, Frank J. and {Maeno}, Syota and {Mamajek}, Eric E. and {Marocco}, Federico and {Murata}, Katsuhiro and {Rivet}, Jean-Pierre and {Sitko}, Michael L. and {Stern}, Daniel and {Vernet}, David and {Walters}, Richard and {Yan}, Lin and {Andreoni}, Igor and {Bhalerao}, Varun and {Bodewits}, Dennis and {De}, Kishalay and {Deshmukh}, Kunal P. and {Bellm}, Eric C. and {Blagorodnova}, Nadejda and {Buzasi}, Derek and {Cenko}, S. Bradley and {Chang}, Chan-Kao and {Chojnowski}, Drew and {Dekany}, Richard and {Duev}, Dmitry A. and {Graham}, Matthew and {Juri{\'c}}, Mario and {Kulkarni}, Shrinivas R. and {Kupfer}, Thomas and {Mahabal}, Ashish and {Neill}, James D. and {Ngeow}, Chow-Choong and {Penprase}, Bryan and {Riddle}, Reed and {Rodriguez}, Hector and {Smith}, Roger M. and {Rosnet}, Philippe and {Sollerman}, Jesper and {Soumagnac}, Maayane T.},
        title = "{Characterization of the Nucleus, Morphology, and Activity of Interstellar Comet 2I/Borisov by Optical and Near-infrared GROWTH, Apache Point, IRTF, ZTF, and Keck Observations}",
      journal = {\aj},
     keywords = {280, 1065, Astrophysics - Earth and Planetary Astrophysics},
         year = 2020,
        month = jul,
       volume = {160},
       number = {1},
          eid = {26},
        pages = {26},
          doi = {10.3847/1538-3881/ab9305},
archivePrefix = {arXiv},
       eprint = {1910.14004},
 primaryClass = {astro-ph.EP},
       adsurl = {https://ui.adsabs.harvard.edu/abs/2020AJ....160...26B},
      adsnote = {Provided by the SAO/NASA Astrophysics Data System}
}


@ARTICLE{Guzik:2020,
       author = {{Guzik}, Piotr and {Drahus}, Micha{\l} and {Rusek}, Krzysztof and
         {Waniak}, Wac{\l}aw and {Cannizzaro}, Giacomo and
         {Pastor-Marazuela}, In{\'e}s},
        title = "{Initial characterization of interstellar comet 2I/Borisov}",
      journal = {Nature Astronomy},
     keywords = {Astrophysics - Earth and Planetary Astrophysics, Astrophysics - Solar and Stellar Astrophysics},
         year = "2020",
        month = "Jan",
       volume = {4},
        pages = {53-57},
          doi = {10.1038/s41550-019-0931-8},
archivePrefix = {arXiv},
       eprint = {1909.05851},
 primaryClass = {astro-ph.EP},
       adsurl = {https://ui.adsabs.harvard.edu/abs/2020NatAs...4...53G},
      adsnote = {Provided by the SAO/NASA Astrophysics Data System}
}

@ARTICLE{Fitzsimmons:2019,
       author = {{Fitzsimmons}, Alan and {Hainaut}, Olivier and {Meech}, Karen J. and {Jehin}, Emmanuel and {Moulane}, Youssef and {Opitom}, Cyrielle and {Yang}, Bin and {Keane}, Jacqueline V. and {Kleyna}, Jan T. and {Micheli}, Marco and {Snodgrass}, Colin},
        title = "{Detection of CN Gas in Interstellar Object 2I/Borisov}",
      journal = {\apjl},
     keywords = {Comets, Cometary atmospheres, Planetary system formation, 280, 275, 1257, Astrophysics - Earth and Planetary Astrophysics},
         year = 2019,
        month = nov,
       volume = {885},
       number = {1},
          eid = {L9},
        pages = {L9},
          doi = {10.3847/2041-8213/ab49fc},
archivePrefix = {arXiv},
       eprint = {1909.12144},
 primaryClass = {astro-ph.EP},
       adsurl = {https://ui.adsabs.harvard.edu/abs/2019ApJ...885L...9F},
      adsnote = {Provided by the SAO/NASA Astrophysics Data System}
}



@ARTICLE{Opitom:2019-borisov,
       author = {{Opitom}, Cyrielle and {Fitzsimmons}, Alan and {Jehin}, Emmanuel and
         {Moulane}, Youssef and {Hainaut}, Olivier and {Meech}, Karen J. and
         {Yang}, Bin and {Snodgrass}, Colin and {Micheli}, Marco and
         {Keane}, Jacqueline V. and {Benkhaldoun}, Zouhair and {Kleyna}, Jan T.},
        title = "{2I/Borisov: A C$_{2}$-depleted interstellar comet}",
      journal = {\aap},
     keywords = {comets: general, comets: individual: 2I/Borisov},
         year = "2019",
        month = "Nov",
       volume = {631},
          eid = {L8},
        pages = {L8},
          doi = {10.1051/0004-6361/201936959},
       adsurl = {https://ui.adsabs.harvard.edu/abs/2019A&A...631L...8O},
      adsnote = {Provided by the SAO/NASA Astrophysics Data System}
}


@ARTICLE{Kareta:2019,
       author = {{Kareta}, Theodore and {Andrews}, Jennifer and {Noonan}, John W. and {Harris}, Walter M. and {Smith}, Nathan and {O'Brien}, Patrick and {Sharkey}, Benjamin N.~L. and {Reddy}, Vishnu and {Springmann}, Alessondra and {Lejoly}, Cassandra and {Volk}, Kathryn and {Conrad}, Albert and {Veillet}, Christian},
        title = "{Carbon Chain Depletion of 2I/Borisov}",
      journal = {\apjl},
     keywords = {1558, 280, 1073, 11, Astrophysics - Earth and Planetary Astrophysics},
         year = 2020,
        month = feb,
       volume = {889},
       number = {2},
          eid = {L38},
        pages = {L38},
          doi = {10.3847/2041-8213/ab6a08},
archivePrefix = {arXiv},
       eprint = {1910.03222},
 primaryClass = {astro-ph.EP},
       adsurl = {https://ui.adsabs.harvard.edu/abs/2020ApJ...889L..38K},
      adsnote = {Provided by the SAO/NASA Astrophysics Data System}
}


@ARTICLE{Lin2020,
       author = {{Lin}, Hsing Wen and {Lee}, Chien-Hsiu and {Gerdes}, D.~W. and {Adams}, Fred C. and {Becker}, Juliette and {Napier}, Kevin and {Markwardt}, Larissa},
        title = "{Detection of Diatomic Carbon in 2I/Borisov}",
      journal = {\apjl},
     keywords = {280, Astrophysics - Earth and Planetary Astrophysics},
         year = 2020,
        month = feb,
       volume = {889},
       number = {2},
          eid = {L30},
        pages = {L30},
          doi = {10.3847/2041-8213/ab6bd9},
archivePrefix = {arXiv},
       eprint = {1912.06161},
 primaryClass = {astro-ph.EP},
       adsurl = {https://ui.adsabs.harvard.edu/abs/2020ApJ...889L..30L},
      adsnote = {Provided by the SAO/NASA Astrophysics Data System}
}


@ARTICLE{Bannister2020,
       author = {{Bannister}, Michele T. and {Opitom}, Cyrielle and {Fitzsimmons}, Alan and
         {Moulane}, Youssef and {Jehin}, Emmanuel and {Seligman}, Darryl and
         {Rousselot}, Philippe and {Knight}, Matthew M. and {Marsset}, Michael and
         {Schwamb}, Megan E. and {Guilbert-Lepoutre}, Aur{\'e}lie and
         {Jorda}, Laurent and {Vernazza}, Pierre and {Benkhaldoun}, Zouhair},
        title = "{Interstellar comet 2I/Borisov as seen by MUSE: C$_2$, NH$_2$ and red CN detections}",
      journal = {arXiv e-prints},
     keywords = {Astrophysics - Earth and Planetary Astrophysics},
         year = "2020",
        month = "Jan",
          eid = {arXiv:2001.11605},
        pages = {arXiv:2001.11605},
archivePrefix = {arXiv},
       eprint = {2001.11605},
 primaryClass = {astro-ph.EP},
       adsurl = {https://ui.adsabs.harvard.edu/abs/2020arXiv200111605B},
      adsnote = {Provided by the SAO/NASA Astrophysics Data System}
}

@ARTICLE{Hui2020,
       author = {{Hui}, Man-To and {Ye}, Quan-Zhi and {F{\"o}hring}, Dora and {Hung}, Denise and {Tholen}, David J.},
        title = "{Physical Characterization of Interstellar Comet 2I/2019 Q4 (Borisov)}",
      journal = {\aj},
     keywords = {Comets, 280},
         year = 2020,
        month = aug,
       volume = {160},
       number = {2},
          eid = {92},
        pages = {92},
          doi = {10.3847/1538-3881/ab9df8},
       adsurl = {https://ui.adsabs.harvard.edu/abs/2020AJ....160...92H},
      adsnote = {Provided by the SAO/NASA Astrophysics Data System}
}

@ARTICLE{Cremonese2020,
       author = {{Cremonese}, G. and {Fulle}, M. and {Cambianica}, P. and {Munaretto}, G. and {Capria}, M.~T. and {La Forgia}, F. and {Lazzarin}, M. and {Migliorini}, A. and {Boschin}, W. and {Milani}, G. and {Aletti}, A. and {Arlic}, G. and {Bacci}, P. and {Bacci}, R. and {Bryssinck}, E. and {Carosati}, D. and {Castellano}, D. and {Buzzi}, L. and {Di Rubbo}, S. and {Facchini}, M. and {Guido}, E. and {Kugel}, F. and {Ligustri}, R. and {Maestripieri}, M. and {Mantero}, A. and {Nicolas}, J. and {Ochner}, P. and {Perrella}, C. and {Trabatti}, R. and {Valvasori}, A.},
        title = "{Dust Environment Model of the Interstellar Comet 2I/Borisov}",
      journal = {\apjl},
     keywords = {1255, 280},
         year = 2020,
        month = apr,
       volume = {893},
       number = {1},
          eid = {L12},
        pages = {L12},
          doi = {10.3847/2041-8213/ab8455},
       adsurl = {https://ui.adsabs.harvard.edu/abs/2020ApJ...893L..12C},
      adsnote = {Provided by the SAO/NASA Astrophysics Data System}
}

@ARTICLE{Xing2020,
       author = {{Xing}, Zexi and {Bodewits}, Dennis and {Noonan}, John and {Bannister}, Michele T.},
        title = "{Water Production Rates and Activity of Interstellar Comet 2I/Borisov}",
      journal = {\apjl},
     keywords = {1469, 486, 280, 2162, 2160, Astrophysics - Earth and Planetary Astrophysics},
         year = 2020,
        month = apr,
       volume = {893},
       number = {2},
          eid = {L48},
        pages = {L48},
          doi = {10.3847/2041-8213/ab86be},
archivePrefix = {arXiv},
       eprint = {2001.04865},
 primaryClass = {astro-ph.EP},
       adsurl = {https://ui.adsabs.harvard.edu/abs/2020ApJ...893L..48X},
      adsnote = {Provided by the SAO/NASA Astrophysics Data System}
}


@ARTICLE{Bodewits2020,
       author = {{Bodewits}, D. and {Noonan}, J.~W. and {Feldman}, P.~D. and {Bannister}, M.~T. and {Farnocchia}, D. and {Harris}, W.~M. and {Li}, J. -Y. and {Mandt}, K.~E. and {Parker}, J. Wm. and {Xing}, Z. -X.},
        title = "{The carbon monoxide-rich interstellar comet 2I/Borisov}",
      journal = {Nature Astronomy},
     keywords = {Astrophysics - Earth and Planetary Astrophysics},
         year = 2020,
        month = apr,
       volume = {4},
        pages = {867-871},
          doi = {10.1038/s41550-020-1095-2},
archivePrefix = {arXiv},
       eprint = {2004.08972},
 primaryClass = {astro-ph.EP},
       adsurl = {https://ui.adsabs.harvard.edu/abs/2020NatAs...4..867B},
      adsnote = {Provided by the SAO/NASA Astrophysics Data System}
}

@ARTICLE{Cordiner2020,
       author = {{Cordiner}, M.~A. and {Milam}, S.~N. and {Biver}, N. and {Bockel{\'e}e-Morvan}, D. and {Roth}, N.~X. and {Bergin}, E.~A. and {Jehin}, E. and {Remijan}, A.~J. and {Charnley}, S.~B. and {Mumma}, M.~J. and {Boissier}, J. and {Crovisier}, J. and {Paganini}, L. and {Kuan}, Y. -J. and {Lis}, D.~C.},
        title = "{Unusually high CO abundance of the first active interstellar comet}",
      journal = {Nature Astronomy},
     keywords = {Astrophysics - Earth and Planetary Astrophysics},
         year = 2020,
        month = apr,
       volume = {4},
        pages = {861-866},
          doi = {10.1038/s41550-020-1087-2},
archivePrefix = {arXiv},
       eprint = {2004.09586},
 primaryClass = {astro-ph.EP},
       adsurl = {https://ui.adsabs.harvard.edu/abs/2020NatAs...4..861C},
      adsnote = {Provided by the SAO/NASA Astrophysics Data System}
}


@ARTICLE{Kim2020,
       author = {{Kim}, Yoonyoung and {Jewitt}, David and {Mutchler}, Max and {Agarwal}, Jessica and {Hui}, Man-To and {Weaver}, Harold},
        title = "{Coma Anisotropy and the Rotation Pole of Interstellar Comet 2I/Borisov}",
      journal = {\apjl},
     keywords = {Comets, Long period comets, 280, 933, Astrophysics - Earth and Planetary Astrophysics},
         year = 2020,
        month = jun,
       volume = {895},
       number = {2},
          eid = {L34},
        pages = {L34},
          doi = {10.3847/2041-8213/ab9228},
archivePrefix = {arXiv},
       eprint = {2005.02468},
 primaryClass = {astro-ph.EP},
       adsurl = {https://ui.adsabs.harvard.edu/abs/2020ApJ...895L..34K},
      adsnote = {Provided by the SAO/NASA Astrophysics Data System}
}

@ARTICLE{McKay2020,
       author = {{McKay}, Adam J. and {Cochran}, Anita L. and {Dello Russo}, Neil and {DiSanti}, Michael A.},
        title = "{Detection of a Water Tracer in Interstellar Comet 2I/Borisov}",
      journal = {\apjl},
     keywords = {280, 75, 1241, Astrophysics - Earth and Planetary Astrophysics},
         year = 2020,
        month = jan,
       volume = {889},
       number = {1},
          eid = {L10},
        pages = {L10},
          doi = {10.3847/2041-8213/ab64ed},
archivePrefix = {arXiv},
       eprint = {1910.12785},
 primaryClass = {astro-ph.EP},
       adsurl = {https://ui.adsabs.harvard.edu/abs/2020ApJ...889L..10M},
      adsnote = {Provided by the SAO/NASA Astrophysics Data System}
}
@ARTICLE{Ye:2019,
       author = {{Ye}, Quanzhi and {Kelley}, Michael S.~P. and {Bolin}, Bryce T. and {Bodewits}, Dennis and {Farnocchia}, Davide and {Masci}, Frank J. and {Meech}, Karen J. and {Micheli}, Marco and {Weryk}, Robert and {Bellm}, Eric C. and {Christensen}, Eric and {Dekany}, Richard and {Delacroix}, Alexandre and {Graham}, Matthew J. and {Kulkarni}, Shrinivas R. and {Laher}, Russ R. and {Rusholme}, Ben and {Smith}, Roger M.},
        title = "{Pre-discovery Activity of New Interstellar Comet 2I/Borisov beyond 5 au}",
      journal = {\aj},
     keywords = {280, 1469, 1529, Astrophysics - Earth and Planetary Astrophysics},
         year = 2020,
        month = feb,
       volume = {159},
       number = {2},
          eid = {77},
        pages = {77},
          doi = {10.3847/1538-3881/ab659b},
archivePrefix = {arXiv},
       eprint = {1911.05902},
 primaryClass = {astro-ph.EP},
       adsurl = {https://ui.adsabs.harvard.edu/abs/2020AJ....159...77Y},
      adsnote = {Provided by the SAO/NASA Astrophysics Data System}
}


@article{yang2021,
	Abstract = {The interstellar traveller, 2I/Borisov, is the first clearly active extrasolar comet ever detected in our Solar System. We obtained high-resolution interferometric observations of 2I/Borisov with the Atacama Large Millimeter/submillimeter Array (ALMA) and multi-colour optical observations with the Very Large Telescope (VLT) to gain a comprehensive understanding of the dust properties of this comet. We found that the dust coma of 2I/Borisov consists of compact `pebbles'of radii exceeding \~{}1 mm, suggesting that the dust particles have experienced compaction through mutual impacts during the bouncing collision phase in the protoplanetary disk. We derived a dust mass-loss rate of ≳200 kg s−1 and a dust-to-gas ratio ≳3. Our long-term monitoring of 2I/Borisov with the VLT indicates a steady dust mass-loss with no significant dust fragmentation and/or sublimation occurring in the coma. We also detected emissions from carbon monoxide (CO) gas with ALMA and derived the gas production rate of Q(CO) = (3.3 $\pm$0.8) ×1026 s−1. We found that the CO/H2O mixing ratio of 2I/Borisov changed drastically before and after perihelion, indicating the heterogeneity of the cometary nucleus, with components formed at different locations beyond the volatile snow-line with different chemical abundances. Our observations suggest that 2I/Borisov's home system, much like our own system, experienced efficient radial mixing from the innermost parts of its protoplanetary disk to beyond the frost line of CO.},
	Author = {Yang, Bin and Li, Aigen and Cordiner, Martin A. and Chang, Chin-Shin and Hainaut, Olivier R. and Williams, Jonathan P. and Meech, Karen J. and Keane, Jacqueline V. and Villard, Eric},
	Da = {2021/03/30},
	Date-Added = {2021-03-31 08:20:10 -0500},
	Date-Modified = {2021-03-31 08:20:10 -0500},
	Doi = {10.1038/s41550-021-01336-w},
	Id = {Yang2021},
	Isbn = {2397-3366},
	Journal = {Nature Astronomy},
	Title = {Compact pebbles and the evolution of volatiles in the interstellar comet 2I/Borisov},
	Ty = {JOUR},
	Url = {https://doi.org/10.1038/s41550-021-01336-w},
	Year = {2021},
	Bdsk-Url-1 = {https://doi.org/10.1038/s41550-021-01336-w}}

@ARTICLE{Aravind2021,
       author = {{Aravind}, K. and {Ganesh}, Shashikiran and {Venkataramani}, Kumar and {Sahu}, Devendra and {Angchuk}, Dorje and {Sivarani}, Thirupathi and {Unni}, Athira},
        title = "{Activity of the first interstellar comet 2I/Borisov around perihelion: results from Indian observatories}",
      journal = {\mnras},
     keywords = {techniques: photometric, techniques: spectroscopic, comets: general, comets: individual: 2I/Borisov, Astrophysics - Earth and Planetary Astrophysics},
         year = 2021,
        month = apr,
       volume = {502},
       number = {3},
        pages = {3491-3499},
          doi = {10.1093/mnras/stab084},
archivePrefix = {arXiv},
       eprint = {2101.02752},
 primaryClass = {astro-ph.EP},
       adsurl = {https://ui.adsabs.harvard.edu/abs/2021MNRAS.502.3491A},
      adsnote = {Provided by the SAO/NASA Astrophysics Data System}
}


@ARTICLE{Seligman2024PNAS,
       author = {{Seligman}, Darryl Z. and {Farnocchia}, Davide and {Micheli}, Marco and {Hainaut}, Olivier R. and {Hsieh}, Henry H. and {Feinstein}, Adina D. and {Chesley}, Steven R. and {Taylor}, Aster G. and {Masiero}, Joseph and {Meech}, Karen J.},
        title = "{Two distinct populations of dark comets delineated by orbits and sizes}",
      journal = {Proceedings of the National Academy of Science},
     keywords = {Astrophysics - Earth and Planetary Astrophysics},
         year = 2024,
        month = dec,
       volume = {121},
       number = {51},
          eid = {e2406424121},
        pages = {e2406424121},
          doi = {10.1073/pnas.2406424121},
archivePrefix = {arXiv},
       eprint = {2412.07603},
 primaryClass = {astro-ph.EP},
       adsurl = {https://ui.adsabs.harvard.edu/abs/2024PNAS..12106424S},
      adsnote = {Provided by the SAO/NASA Astrophysics Data System}
}

@ARTICLE{Seligman2023b,
       author = {{Seligman}, Darryl Z. and {Farnocchia}, Davide and {Micheli}, Marco and {Vokrouhlick{\'y}}, David and {Taylor}, Aster G. and {Chesley}, Steven R. and {Bergner}, Jennifer B. and {Vere{\v{s}}}, Peter and {Hainaut}, Olivier R. and {Meech}, Karen J. and {Devogele}, Maxime and {Pravec}, Petr and {Matson}, Rob and {Deen}, Sam and {Tholen}, David J. and {Weryk}, Robert and {Rivera-Valent{\'\i}n}, Edgard G. and {Sharkey}, Benjamin N.~L.},
        title = "{Dark Comets? Unexpectedly Large Nongravitational Accelerations on a Sample of Small Asteroids}",
      journal = {\psj},
     keywords = {Comae, Asteroids, 271, 72, Astrophysics - Earth and Planetary Astrophysics},
         year = 2023,
        month = feb,
       volume = {4},
       number = {2},
          eid = {35},
        pages = {35},
          doi = {10.3847/PSJ/acb697},
archivePrefix = {arXiv},
       eprint = {2212.08115},
 primaryClass = {astro-ph.EP},
       adsurl = {https://ui.adsabs.harvard.edu/abs/2023PSJ.....4...35S},
      adsnote = {Provided by the SAO/NASA Astrophysics Data System}
}

@ARTICLE{Farnocchia2023,
       author = {{Farnocchia}, Davide and {Seligman}, Darryl Z. and {Granvik}, Mikael and {Hainaut}, Olivier and {Meech}, Karen J. and {Micheli}, Marco and {Weryk}, Robert and {Chesley}, Steven R. and {Christensen}, Eric J. and {Koschny}, Detlef and {Kleyna}, Jan T. and {Lazzaro}, Daniela and {Mommert}, Michael and {Wainscoat}, Richard J.},
        title = "{(523599) 2003 RM: The Asteroid that Wanted to be a Comet}",
      journal = {\psj},
     keywords = {Asteroid dynamics, Comet dynamics, Near-Earth objects, 2210, 2213, 1092, Astrophysics - Earth and Planetary Astrophysics},
         year = 2023,
        month = feb,
       volume = {4},
       number = {2},
          eid = {29},
        pages = {29},
          doi = {10.3847/PSJ/acb25b},
archivePrefix = {arXiv},
       eprint = {2212.08135},
 primaryClass = {astro-ph.EP},
       adsurl = {https://ui.adsabs.harvard.edu/abs/2023PSJ.....4...29F},
      adsnote = {Provided by the SAO/NASA Astrophysics Data System}
}

@ARTICLE{LecavelierdesEtangs2022,
       author = {{Lecavelier des Etangs}, Alain and {Cros}, Lucie and {H{\'e}brard}, Guillaume and {Martioli}, Eder and {Duquesnoy}, Marc and {Kenworthy}, Matthew A. and {Kiefer}, Flavien and {Lacour}, Sylvestre and {Lagrange}, Anne-Marie and {Meunier}, Nad{\`e}ge and {Vidal-Madjar}, Alfred},
        title = "{Exocomets size distribution in the {\ensuremath{\beta}} Pictoris planetary system}",
      journal = {Scientific Reports},
     keywords = {Astrophysics - Earth and Planetary Astrophysics},
         year = 2022,
        month = apr,
       volume = {12},
          eid = {5855},
        pages = {5855},
          doi = {10.1038/s41598-022-09021-2},
archivePrefix = {arXiv},
       eprint = {2204.13618},
 primaryClass = {astro-ph.EP},
       adsurl = {https://ui.adsabs.harvard.edu/abs/2022NatSR..12.5855L},
      adsnote = {Provided by the SAO/NASA Astrophysics Data System}
}

@ARTICLE{Boe2019,
       author = {{Boe}, Benjamin and {Jedicke}, Robert and {Meech}, Karen J. and {Wiegert}, Paul and {Weryk}, Robert J. and {Chambers}, K.~C. and {Denneau}, L. and {Kaiser}, N. and {Kudritzki}, R. -P. and {Magnier}, E.~A. and {Wainscoat}, R.~J. and {Waters}, C.},
        title = "{The orbit and size-frequency distribution of long period comets observed by Pan-STARRS1}",
      journal = {\icarus},
     keywords = {Comet, Nucleus, Size, Astrophysics - Earth and Planetary Astrophysics},
         year = 2019,
        month = nov,
       volume = {333},
        pages = {252-272},
          doi = {10.1016/j.icarus.2019.05.034},
archivePrefix = {arXiv},
       eprint = {1905.13458},
 primaryClass = {astro-ph.EP},
       adsurl = {https://ui.adsabs.harvard.edu/abs/2019Icar..333..252B},
      adsnote = {Provided by the SAO/NASA Astrophysics Data System}
}

@ARTICLE{Tancredi2006,
       author = {{Tancredi}, Gonzalo and {Fern{\'a}ndez}, Julio A. and {Rickman}, Hans and {Licandro}, Javier},
        title = "{Nuclear magnitudes and the size distribution of Jupiter family comets}",
      journal = {\icarus},
         year = 2006,
        month = jun,
       volume = {182},
       number = {2},
        pages = {527-549},
          doi = {10.1016/j.icarus.2006.01.007},
       adsurl = {https://ui.adsabs.harvard.edu/abs/2006Icar..182..527T},
      adsnote = {Provided by the SAO/NASA Astrophysics Data System}
}

@ARTICLE{Snodgrass2011,
       author = {{Snodgrass}, C. and {Fitzsimmons}, A. and {Lowry}, S.~C. and {Weissman}, P.},
        title = "{The size distribution of Jupiter Family comet nuclei}",
      journal = {\mnras},
     keywords = {methods: numerical, comets: general, Astrophysics - Earth and Planetary Astrophysics},
         year = 2011,
        month = jun,
       volume = {414},
       number = {1},
        pages = {458-469},
          doi = {10.1111/j.1365-2966.2011.18406.x},
archivePrefix = {arXiv},
       eprint = {1101.4228},
 primaryClass = {astro-ph.EP},
       adsurl = {https://ui.adsabs.harvard.edu/abs/2011MNRAS.414..458S},
      adsnote = {Provided by the SAO/NASA Astrophysics Data System}
}

@ARTICLE{Meech2004,
       author = {{Meech}, K.~J. and {Hainaut}, O.~R. and {Marsden}, B.~G.},
        title = "{Comet nucleus size distributions from HST and Keck telescopes}",
      journal = {\icarus},
     keywords = {Comets, Nucleus sizes, Colors, Distant activity},
         year = 2004,
        month = aug,
       volume = {170},
       number = {2},
        pages = {463-491},
          doi = {10.1016/j.icarus.2004.03.014},
       adsurl = {https://ui.adsabs.harvard.edu/abs/2004Icar..170..463M},
      adsnote = {Provided by the SAO/NASA Astrophysics Data System}
}

@ARTICLE{Fernandez2013,
       author = {{Fern{\'a}ndez}, Y.~R. and {Kelley}, M.~S. and {Lamy}, P.~L. and {Toth}, I. and {Groussin}, O. and {Lisse}, C.~M. and {A'Hearn}, M.~F. and {Bauer}, J.~M. and {Campins}, H. and {Fitzsimmons}, A. and {Licandro}, J. and {Lowry}, S.~C. and {Meech}, K.~J. and {Pittichov{\'a}}, J. and {Reach}, W.~T. and {Snodgrass}, C. and {Weaver}, H.~A.},
        title = "{Thermal properties, sizes, and size distribution of Jupiter-family cometary nuclei}",
      journal = {\icarus},
     keywords = {Astrophysics - Earth and Planetary Astrophysics},
         year = 2013,
        month = sep,
       volume = {226},
       number = {1},
        pages = {1138-1170},
          doi = {10.1016/j.icarus.2013.07.021},
archivePrefix = {arXiv},
       eprint = {1307.6191},
 primaryClass = {astro-ph.EP},
       adsurl = {https://ui.adsabs.harvard.edu/abs/2013Icar..226.1138F},
      adsnote = {Provided by the SAO/NASA Astrophysics Data System}
}

@ARTICLE{Bauer2017,
       author = {{Bauer}, James M. and {Grav}, Tommy and {Fern{\'a}ndez}, Yanga R. and {Mainzer}, A.~K. and {Kramer}, Emily A. and {Masiero}, Joseph R. and {Spahr}, Timothy and {Nugent}, C.~R. and {Stevenson}, Rachel A. and {Meech}, Karen J. and {Cutri}, Roc M. and {Lisse}, Carey M. and {Walker}, Russell and {Dailey}, John W. and {Rosser}, Joshua and {Krings}, Phillip and {Ruecker}, Kinjal and {Wright}, Edward L. and {NEOWISE Team}},
        title = "{Debiasing the NEOWISE Cryogenic Mission Comet Populations}",
      journal = {\aj},
     keywords = {comets: general, infrared: planetary systems, Oort Cloud, surveys},
         year = 2017,
        month = aug,
       volume = {154},
       number = {2},
          eid = {53},
        pages = {53},
          doi = {10.3847/1538-3881/aa72df},
       adsurl = {https://ui.adsabs.harvard.edu/abs/2017AJ....154...53B},
      adsnote = {Provided by the SAO/NASA Astrophysics Data System}
}


@ARTICLE{Dorsey2025,
       author = {{Dorsey}, Rosemary C. and {Hopkins}, Matthew J. and {Bannister}, Michele T. and {Lawler}, Samantha M. and {Lintott}, Chris and {Parker}, Alex H. and {Forbes}, John C.},
        title = "{The visibility of the {\={O}}tautahi-Oxford interstellar object population model in LSST}",
      journal = {arXiv e-prints},
     keywords = {Astrophysics - Earth and Planetary Astrophysics, Astrophysics - Astrophysics of Galaxies},
         year = 2025,
        month = feb,
          eid = {arXiv:2502.16741},
        pages = {arXiv:2502.16741},
          doi = {10.48550/arXiv.2502.16741},
archivePrefix = {arXiv},
       eprint = {2502.16741},
 primaryClass = {astro-ph.EP},
       adsurl = {https://ui.adsabs.harvard.edu/abs/2025arXiv250216741D},
      adsnote = {Provided by the SAO/NASA Astrophysics Data System}
}

@ARTICLE{Hopkins2025,
       author = {{Hopkins}, Matthew J. and {Bannister}, Michele T. and {Lintott}, Chris},
        title = "{Predicting Interstellar Object Chemodynamics with Gaia}",
      journal = {\aj},
     keywords = {Interstellar objects, Milky Way Galaxy, Galaxy dynamics, 52, 1054, 591, Astrophysics - Earth and Planetary Astrophysics, Astrophysics - Astrophysics of Galaxies},
         year = 2025,
        month = feb,
       volume = {169},
       number = {2},
          eid = {78},
        pages = {78},
          doi = {10.3847/1538-3881/ad9eb3},
archivePrefix = {arXiv},
       eprint = {2402.04904},
 primaryClass = {astro-ph.EP},
       adsurl = {https://ui.adsabs.harvard.edu/abs/2025AJ....169...78H},
      adsnote = {Provided by the SAO/NASA Astrophysics Data System}
}

@ARTICLE{Hopkins2023,
       author = {{Hopkins}, Matthew J. and {Lintott}, Chris and {Bannister}, Michele T. and {Mackereth}, J. Ted and {Forbes}, John C.},
        title = "{The Galactic Interstellar Object Population: A Framework for Prediction and Inference}",
      journal = {\aj},
     keywords = {Interstellar objects, Small Solar System bodies, Milky Way evolution, 52, 1469, 1052, Astrophysics - Earth and Planetary Astrophysics, Astrophysics - Astrophysics of Galaxies},
         year = 2023,
        month = dec,
       volume = {166},
       number = {6},
          eid = {241},
        pages = {241},
          doi = {10.3847/1538-3881/ad03e6},
archivePrefix = {arXiv},
       eprint = {2308.05801},
 primaryClass = {astro-ph.EP},
       adsurl = {https://ui.adsabs.harvard.edu/abs/2023AJ....166..241H},
      adsnote = {Provided by the SAO/NASA Astrophysics Data System}
}

@ARTICLE{Murray2004,
       author = {{Murray}, N. and {Weingartner}, Joseph C. and {Capobianco}, C.},
        title = "{On the Flux of Extrasolar Dust in Earth's Atmosphere}",
      journal = {\apj},
     keywords = {ISM: Dust, Extinction, Stars: Planetary Systems: Protoplanetary Disks, Astrophysics},
         year = 2004,
        month = jan,
       volume = {600},
       number = {2},
        pages = {804-827},
          doi = {10.1086/380117},
archivePrefix = {arXiv},
       eprint = {astro-ph/0309805},
 primaryClass = {astro-ph},
       adsurl = {https://ui.adsabs.harvard.edu/abs/2004ApJ...600..804M},
      adsnote = {Provided by the SAO/NASA Astrophysics Data System}
}


@ARTICLE{Moorhead2020,
       author = {{Moorhead}, Althea V. and {Clements}, Tiffany D. and {Vida}, Denis},
        title = "{Realistic gravitational focusing of meteoroid streams}",
      journal = {\mnras},
     keywords = {meteorites, meteors, meteoroids, Astrophysics - Earth and Planetary Astrophysics},
         year = 2020,
        month = may,
       volume = {494},
       number = {2},
        pages = {2982-2994},
          doi = {10.1093/mnras/staa719},
archivePrefix = {arXiv},
       eprint = {2003.05458},
 primaryClass = {astro-ph.EP},
       adsurl = {https://ui.adsabs.harvard.edu/abs/2020MNRAS.494.2982M},
      adsnote = {Provided by the SAO/NASA Astrophysics Data System}
}


@article{MoroMartin2019,
  title={Could 1I/’Oumuamua be an Icy Fractal Aggregate?},
  author={Moro-Mart{\'\i}n, Amaya},
  journal={\apjl},
  volume={872},
  number={2},
  pages={L32},
  year={2019},
  publisher={IOP Publishing}
}

@ARTICLE{Flekkoy19,
       author = {{Flekk{\o}y}, Eirik G. and {Luu}, Jane and {Toussaint}, Renaud},
        title = "{The Interstellar Object {\textquoteright}Oumuamua as a Fractal Dust Aggregate}",
      journal = {\apjl},
     keywords = {Minor planets, Asteroids, Two-body problem, Protoplanetary disks, Solid matter physics, Interstellar dust processes, Astrophysical dust processes, 1065, 58, 1723, 1300, 2090, 838, 99, Astrophysics - Earth and Planetary Astrophysics},
         year = 2019,
        month = nov,
       volume = {885},
       number = {2},
          eid = {L41},
        pages = {L41},
          doi = {10.3847/2041-8213/ab4f78},
archivePrefix = {arXiv},
       eprint = {1910.07135},
 primaryClass = {astro-ph.EP},
       adsurl = {https://ui.adsabs.harvard.edu/abs/2019ApJ...885L..41F},
      adsnote = {Provided by the SAO/NASA Astrophysics Data System}
}

@ARTICLE{Luu20,
       author = {{Luu}, Jane X. and {Flekk{\o}y}, Eirik G. and {Toussaint}, Renaud},
        title = "{'Oumuamua as a Cometary Fractal Aggregate: The ``Dust Bunny'' Model}",
      journal = {\apjl},
     keywords = {Comets, Coma dust, Oort cloud, Long period comets, 280, 2159, 1157, 933, Astrophysics - Earth and Planetary Astrophysics},
         year = 2020,
        month = sep,
       volume = {900},
       number = {2},
          eid = {L22},
        pages = {L22},
          doi = {10.3847/2041-8213/abafa7},
archivePrefix = {arXiv},
       eprint = {2008.10083},
 primaryClass = {astro-ph.EP},
       adsurl = {https://ui.adsabs.harvard.edu/abs/2020ApJ...900L..22L},
      adsnote = {Provided by the SAO/NASA Astrophysics Data System}
}
@INCOLLECTION{2024come.book..459B,
       author = {{Biver}, N. and {Dello Russo}, N. and {Opitom}, C. and {Rubin}, M.},
        title = "{Chemistry of Comet Atmospheres}",
    booktitle = {Comets III},
         year = 2024,
       editor = {{Meech}, Karen. J. and {Combi}, Michael. R. and {Bockel{\'e}e-Morvan}, Dominique and {Raymodn}, Sean. N. and {Zolensky}, Michael. E.},
        pages = {459-498},
        publisher="{University of Arizona Press}",
       adsurl = {https://ui.adsabs.harvard.edu/abs/2024come.book..459B},
      adsnote = {Provided by the SAO/NASA Astrophysics Data System}
}

@INPROCEEDINGS{2013AAS...22134502M,
       author = {{Massey}, Philip and {Dunham}, E.~W. and {Bida}, T.~A. and {Collins}, P. and {Hall}, J.~C. and {Hunter}, D.~A. and {Lauman}, S. and {Levine}, S. and {Neugent}, K. and {Nye}, R. and {Oliver}, R. and {Schleicher}, D. and {Zoonematkermani}, S.},
        title = "{As Big and As Good As It Gets: The Large Monolithic Imager for Lowell Observatory's 4.3-m Discovery Channel Telescope}",
    booktitle = {American Astronomical Society Meeting Abstracts \#221},
         year = 2013,
       series = {American Astronomical Society Meeting Abstracts},
       volume = {221},
        month = jan,
          eid = {345.02},
        pages = {345.02},
       adsurl = {https://ui.adsabs.harvard.edu/abs/2013AAS...22134502M},
      adsnote = {Provided by the SAO/NASA Astrophysics Data System}
}

@article{jackson20211i,
  title={1I/‘Oumuamua as an N2 ice fragment of an exo-Pluto surface: I. Size and Compositional Constraints},
  author={Jackson, Alan P and Desch, Steven J},
  journal={Journal of Geophysical Research: Planets},
  pages={e2020JE006706},
  year={2021},
  publisher={Wiley Online Library}
}

@article{desch20211i,
  title={1I/‘Oumuamua as an N2 ice fragment of an exo-pluto surface II: Generation of N2 ice fragments and the origin of ‘Oumuamua},
  author={Desch, Steven J and Jackson, Alan P},
  journal={Journal of Geophysical Research: Planets},
  pages={e2020JE006807},
  year={2021},
  publisher={Wiley Online Library}
}

@ARTICLE{Desch2022,
       author = {{Desch}, Steven J. and {Jackson}, Alan P.},
        title = "{Some Pertinent Issues for Interstellar Panspermia Raised after the Discovery of 1I/`Oumuamua}",
      journal = {Astrobiology},
         year = 2022,
        month = dec,
       volume = {22},
       number = {12},
        pages = {1400-1413},
          doi = {10.1089/ast.2021.0199},
       adsurl = {https://ui.adsabs.harvard.edu/abs/2022AsBio..22.1400D},
      adsnote = {Provided by the SAO/NASA Astrophysics Data System}
}


@ARTICLE{Sekanina2019,
       author = {{Sekanina}, Zdenek},
        title = "{Outgassing As Trigger of 1I/`Oumuamua's Nongravitational Acceleration: Could This Hypothesis Work at All?}",
      journal = {arXiv e-prints},
     keywords = {Astrophysics - Earth and Planetary Astrophysics},
         year = 2019,
        month = may,
          eid = {arXiv:1905.00935},
        pages = {arXiv:1905.00935},
archivePrefix = {arXiv},
       eprint = {1905.00935},
 primaryClass = {astro-ph.EP},
       adsurl = {https://ui.adsabs.harvard.edu/abs/2019arXiv190500935S},
      adsnote = {Provided by the SAO/NASA Astrophysics Data System}
}

@ARTICLE{Seligman2020,
       author = {{Seligman}, Darryl and {Laughlin}, Gregory},
        title = "{Evidence that 1I/2017 U1 ('Oumuamua) was Composed of Molecular Hydrogen Ice}",
      journal = {\apjl},
     keywords = {Interstellar medium, Small solar system bodies, Astrophysics - Earth and Planetary Astrophysics, Astrophysics - Astrophysics of Galaxies},
         year = 2020,
        month = jun,
       volume = {896},
       number = {1},
          eid = {L8},
        pages = {L8},
          doi = {10.3847/2041-8213/ab963f},
archivePrefix = {arXiv},
       eprint = {2005.12932},
 primaryClass = {astro-ph.EP},
       adsurl = {https://ui.adsabs.harvard.edu/abs/2020ApJ...896L...8S},
      adsnote = {Provided by the SAO/NASA Astrophysics Data System}
}

@ARTICLE{fuglistaler2018,
       author = {{F{\"u}glistaler}, A. and {Pfenniger}, D.},
        title = "{Solid H$_{2}$ in the interstellar medium}",
      journal = {\aap},
     keywords = {equation of state, ISM: clouds, ISM: kinematics and dynamics, ISM: molecules, methods: numerical, protoplanetary disks, Astrophysics - Astrophysics of Galaxies},
         year = 2018,
        month = jun,
       volume = {613},
          eid = {A64},
        pages = {A64},
          doi = {10.1051/0004-6361/201731739},
archivePrefix = {arXiv},
       eprint = {1712.01160},
 primaryClass = {astro-ph.GA},
       adsurl = {https://ui.adsabs.harvard.edu/abs/2018A&A...613A..64F},
      adsnote = {Provided by the SAO/NASA Astrophysics Data System}
}

@ARTICLE{Levine2021_h2,
       author = {{Levine}, W. Garrett and {Laughlin}, Gregory},
        title = "{Assessing the Formation of Solid Hydrogen Objects in Starless Molecular Cloud Cores}",
      journal = {\apj},
     keywords = {Dark interstellar clouds, Interstellar clouds, Interstellar medium, Interstellar objects, Dense interstellar clouds, 352, 834, 847, 52, 371, Astrophysics - Earth and Planetary Astrophysics, Astrophysics - Astrophysics of Galaxies},
         year = 2021,
        month = may,
       volume = {912},
       number = {1},
          eid = {3},
        pages = {3},
          doi = {10.3847/1538-4357/abec85},
archivePrefix = {arXiv},
       eprint = {2103.05449},
 primaryClass = {astro-ph.EP},
       adsurl = {https://ui.adsabs.harvard.edu/abs/2021ApJ...912....3L},
      adsnote = {Provided by the SAO/NASA Astrophysics Data System}
}

@ARTICLE{Bergner2023,
       author = {{Bergner}, Jennifer B. and {Seligman}, Darryl Z.},
        title = "{Acceleration of 1I/`Oumuamua from radiolytically produced H$_{2}$ in H$_{2}$O ice}",
      journal = {\nat},
     keywords = {Astrophysics - Earth and Planetary Astrophysics},
         year = 2023,
        month = mar,
       volume = {615},
       number = {7953},
        pages = {610-613},
          doi = {10.1038/s41586-022-05687-w},
archivePrefix = {arXiv},
       eprint = {2303.13698},
 primaryClass = {astro-ph.EP},
       adsurl = {https://ui.adsabs.harvard.edu/abs/2023Natur.615..610B},
      adsnote = {Provided by the SAO/NASA Astrophysics Data System}
}
@ARTICLE{Binzel1992,
       author = {{Binzel}, Richard P.},
        title = "{The optical spectrum of 5145 Pholus}",
      journal = {\icarus},
     keywords = {Celestial Bodies, Solar System, Spectral Reflectance, Astronomical Spectroscopy, Organic Compounds},
         year = 1992,
        month = sep,
       volume = {99},
       number = {1},
        pages = {238-240},
          doi = {10.1016/0019-1035(92)90185-A},
       adsurl = {https://ui.adsabs.harvard.edu/abs/1992Icar...99..238B},
      adsnote = {Provided by the SAO/NASA Astrophysics Data System}
}



@ARTICLE{DeMeo2009,
       author = {{DeMeo}, Francesca E. and {Binzel}, Richard P. and {Slivan}, Stephen M. and {Bus}, Schelte J.},
        title = "{An extension of the Bus asteroid taxonomy into the near-infrared}",
      journal = {\icarus},
     keywords = {Asteroids, Spectroscopy},
         year = 2009,
        month = jul,
       volume = {202},
       number = {1},
        pages = {160-180},
          doi = {10.1016/j.icarus.2009.02.005},
       adsurl = {https://ui.adsabs.harvard.edu/abs/2009Icar..202..160D},
      adsnote = {Provided by the SAO/NASA Astrophysics Data System}
}

@ARTICLE{borisov_2I_cbet,
       author = {{Borisov}, G. and {Durig}, D. T. and {Sato}, H. and {Birtwhistle}, P. and {Chen}, T. and {Green}, D. W. E. and {Bacci}, P. and {Maestripieri}, M. and {Nakano}, S.},
        title = "{Comet C/2019 Q4 (Borisov)}",
      journal = {Central Bureau Electronic Telegrams},
         year = "2019",
        month = sep,
       volume = {4666},
        pages = {1}
}

@ARTICLE{kareta_noonan23,
       author = {{Kareta}, Theodore and {Noonan}, John W. and {Harris}, Walter M. and {Springmann}, Alessondra},
        title = "{Ice, Ice, Maybe? Investigating 46P/Wirtanen's Inner Coma for Icy Grains}",
      journal = {\psj},
     keywords = {Comae, Comet nuclei, Comet volatiles, Short period comets, Ice composition, 271, 2160, 2162, 1452, 2272, Astrophysics - Earth and Planetary Astrophysics},
         year = 2023,
        month = may,
       volume = {4},
       number = {5},
          eid = {85},
        pages = {85},
          doi = {10.3847/PSJ/accc28},
archivePrefix = {arXiv},
       eprint = {2304.05953},
 primaryClass = {astro-ph.EP},
       adsurl = {https://ui.adsabs.harvard.edu/abs/2023PSJ.....4...85K},
      adsnote = {Provided by the SAO/NASA Astrophysics Data System}
}

@ARTICLE{protopapa2018,
       author = {{Protopapa}, Silvia and {Kelley}, Michael S.~P. and {Yang}, Bin and {Bauer}, James M. and {Kolokolova}, Ludmilla and {Woodward}, Charles E. and {Keane}, Jacqueline V. and {Sunshine}, Jessica M.},
        title = "{Icy Grains from the Nucleus of Comet C/2013 US$_{10}$ (Catalina)}",
      journal = {\apjl},
     keywords = {comets: individual: C\&2013 US10 (Catalina, radiative transfer, techniques: spectroscopic, Astrophysics - Earth and Planetary Astrophysics},
         year = 2018,
        month = aug,
       volume = {862},
       number = {2},
          eid = {L16},
        pages = {L16},
          doi = {10.3847/2041-8213/aad33b},
archivePrefix = {arXiv},
       eprint = {1807.08215},
 primaryClass = {astro-ph.EP},
       adsurl = {https://ui.adsabs.harvard.edu/abs/2018ApJ...862L..16P},
      adsnote = {Provided by the SAO/NASA Astrophysics Data System}
}

@ARTICLE{deleon2020,
       author = {{de Le{\'o}n}, J. and {Licandro}, J. and {de la Fuente Marcos}, C. and {de la Fuente Marcos}, R. and {Lara}, L.~M. and {Moreno}, F. and {Pinilla-Alonso}, N. and {Serra-Ricart}, M. and {De Pr{\'a}}, M. and {Tozzi}, G.~P. and {Souza-Feliciano}, A.~C. and {Popescu}, M. and {Scarpa}, R. and {Font Serra}, J. and {Geier}, S. and {Lorenzi}, V. and {Harutyunyan}, A. and {Cabrera-Lavers}, A.},
        title = "{Visible and near-infrared observations of interstellar comet 2I/Borisov with the 10.4-m GTC and the 3.6-m TNG telescopes}",
      journal = {\mnras},
     keywords = {methods: numerical, methods: observational, techniques: imaging spectroscopy, comets: individual: 2I/Borisov, Astrophysics - Earth and Planetary Astrophysics},
         year = 2020,
        month = jun,
       volume = {495},
       number = {2},
        pages = {2053-2062},
          doi = {10.1093/mnras/staa1190},
archivePrefix = {arXiv},
       eprint = {2005.00786},
 primaryClass = {astro-ph.EP},
       adsurl = {https://ui.adsabs.harvard.edu/abs/2020MNRAS.495.2053D},
      adsnote = {Provided by the SAO/NASA Astrophysics Data System}
}

@ARTICLE{lister2022_look,
       author = {{Lister}, Tim and {Kelley}, Michael S.~P. and {Holt}, Carrie E. and {Hsieh}, Henry H. and {Bannister}, Michele T. and {Verma}, Aayushi A. and {Dobson}, Matthew M. and {Knight}, Matthew M. and {Moulane}, Youssef and {Schwamb}, Megan E. and {Bodewits}, Dennis and {Bauer}, James and {Chatelain}, Joseph and {Fern{\'a}ndez-Valenzuela}, Estela and {Gardener}, Daniel and {Gyuk}, Geza and {Hammergren}, Mark and {Huynh}, Ky and {Jehin}, Emmanuel and {Kokotanekova}, Rosita and {Lilly}, Eva and {Hui}, Man-To and {McKay}, Adam and {Opitom}, Cyrielle and {Protopapa}, Silvia and {Ridden-Harper}, Ryan and {Schambeau}, Charles and {Snodgrass}, Colin and {Stoddard-Jones}, Cai and {Usher}, Helen and {Wierzchos}, Kacper and {Yanamandra-Fisher}, Padma A. and {Ye}, Quanzhi and {Gomez}, Edward and {Greenstreet}, Sarah},
        title = "{The LCO Outbursting Objects Key Project: Overview and Year 1 Status}",
      journal = {\psj},
     keywords = {Comets, Long period comets, Comet volatiles, Asteroids, Centaur group, Broad band photometry, Narrow band photometry, Optical observation, Short period comets, Oort cloud objects, Automated telescopes, 280, 933, 2162, 72, 215, 184, 1088, 1169, 1452, 1158, 121, Astrophysics - Earth and Planetary Astrophysics, Astrophysics - Instrumentation and Methods for Astrophysics},
         year = 2022,
        month = jul,
       volume = {3},
       number = {7},
          eid = {173},
        pages = {173},
          doi = {10.3847/PSJ/ac7a31},
archivePrefix = {arXiv},
       eprint = {2206.09028},
 primaryClass = {astro-ph.EP},
       adsurl = {https://ui.adsabs.harvard.edu/abs/2022PSJ.....3..173L},
      adsnote = {Provided by the SAO/NASA Astrophysics Data System}
}

@ARTICLE{Bialy2018,
       author = {{Bialy}, Shmuel and {Loeb}, Abraham},
        title = "{Could Solar Radiation Pressure Explain {\textquoteleft}Oumuamua{\textquoteright}s Peculiar Acceleration?}",
      journal = {\apjl},
     keywords = {extraterrestrial intelligence, ISM: individual objects: 1I\&2017 U1, minor planets, asteroids: general, asteroids: individual: 1I\&2017 U1, Astrophysics - Earth and Planetary Astrophysics, Astrophysics - Astrophysics of Galaxies},
         year = 2018,
        month = nov,
       volume = {868},
       number = {1},
          eid = {L1},
        pages = {L1},
          doi = {10.3847/2041-8213/aaeda8},
archivePrefix = {arXiv},
       eprint = {1810.11490},
 primaryClass = {astro-ph.EP},
       adsurl = {https://ui.adsabs.harvard.edu/abs/2018ApJ...868L...1B},
      adsnote = {Provided by the SAO/NASA Astrophysics Data System}
}

@ARTICLE{Loeb2022,
       author = {{Loeb}, Avi},
        title = "{On the Possibility of an Artificial Origin for `Oumuamua}",
      journal = {Astrobiology},
     keywords = {Physics - Popular Physics, Astrophysics - Earth and Planetary Astrophysics, Astrophysics - Instrumentation and Methods for Astrophysics, Physics - Physics and Society},
         year = 2022,
        month = dec,
       volume = {22},
       number = {12},
        pages = {1392-1399},
          doi = {10.1089/ast.2021.0193},
archivePrefix = {arXiv},
       eprint = {2110.15213},
 primaryClass = {physics.pop-ph},
       adsurl = {https://ui.adsabs.harvard.edu/abs/2022AsBio..22.1392L},
      adsnote = {Provided by the SAO/NASA Astrophysics Data System}
}
@INCOLLECTION{2024come.book..621K,
       author = {{Kolokolova}, Ludmilla and {Kelley}, Michael S.~P. and {Kimura}, Hiroshi and {Hoang}, Thiem},
        title = "{Interaction of Electromagnetic Radiation with Cometary Dust}",
    booktitle = {Comets III},
         year = 2024,
       editor = {{Meech}, Karen. J. and {Combi}, Michael. R. and {Bockel{\'e}e-Morvan}, Dominique and {Raymodn}, Sean. N. and {Zolensky}, Michael. E.},
        pages = {621-652},
        publisher="{University of Arizona Press}",
       adsurl = {https://ui.adsabs.harvard.edu/abs/2024come.book..621K},
      adsnote = {Provided by the SAO/NASA Astrophysics Data System}
}


@ARTICLE{Taylor2023,
       author = {{Taylor}, Aster G. and {Seligman}, Darryl Z. and {Hainaut}, Olivier R. and {Meech}, Karen J.},
        title = "{Fitting the Light Curve of 1I/'Oumuamua with a Nonprincipal Axis Rotational Model and Outgassing Torques}",
      journal = {\psj},
     keywords = {Interstellar objects, Light curves, Small Solar System bodies, 52, 918, 1469, Astrophysics - Earth and Planetary Astrophysics},
         year = 2023,
        month = oct,
       volume = {4},
       number = {10},
          eid = {186},
        pages = {186},
          doi = {10.3847/PSJ/acf617},
archivePrefix = {arXiv},
       eprint = {2309.01820},
 primaryClass = {astro-ph.EP},
       adsurl = {https://ui.adsabs.harvard.edu/abs/2023PSJ.....4..186T},
      adsnote = {Provided by the SAO/NASA Astrophysics Data System}
}


@ARTICLE{Bagnulo2021,
       author = {{Bagnulo}, S. and {Cellino}, A. and {Kolokolova}, L. and {Ne{\v{z}}i{\v{c}}}, R. and {Santana-Ros}, T. and {Borisov}, G. and {Christou}, A.~A. and {Bendjoya}, Ph. and {Devog{\`e}le}, M.},
        title = "{Unusual polarimetric properties for interstellar comet 2I/Borisov}",
      journal = {Nature Communications},
         year = 2021,
        month = jan,
       volume = {12},
          eid = {1797},
        pages = {1797},
          doi = {10.1038/s41467-021-22000-x},
       adsurl = {https://ui.adsabs.harvard.edu/abs/2021NatCo..12.1797B},
      adsnote = {Provided by the SAO/NASA Astrophysics Data System}
}

@ARTICLE{Taylor2024,
       author = {{Taylor}, Aster G. and {Steckloff}, Jordan K. and {Seligman}, Darryl Z. and {Farnocchia}, Davide and {Dones}, Luke and {Vokrouhlick{\'y}}, David and {Nesvorn{\'y}}, David and {Micheli}, Marco},
        title = "{The dynamical origins of the dark comets and a proposed evolutionary track}",
      journal = {\icarus},
     keywords = {Asteroids (72), Celestial mechanics (211), Comets (280), Near-earth objects (1092), Orbital evolution (1178), Astrophysics - Earth and Planetary Astrophysics},
         year = 2024,
        month = sep,
       volume = {420},
          eid = {116207},
        pages = {116207},
          doi = {10.1016/j.icarus.2024.116207},
archivePrefix = {arXiv},
       eprint = {2407.01839},
 primaryClass = {astro-ph.EP},
       adsurl = {https://ui.adsabs.harvard.edu/abs/2024Icar..42016207T},
      adsnote = {Provided by the SAO/NASA Astrophysics Data System}
}

@article{jehin2011trappist, title={TRAPPIST: TRAnsiting planets and PlanetesImals small telescope}, author={Jehin, Emmanu{\"e}l and Gillon, Micha{\"e}l and Queloz, Didier and Magain, Pierre and Manfroid, Jean and Chantry, Virginie and Lendl, Monica and Hutsem{\'e}kers, Damien and Udry, Stephane}, journal={The Messenger}, volume={145}, number={2}, year={2011} }


@article{mommert2017photometrypipeline, title={PHOTOMETRYPIPELINE: An automated pipeline for calibrated photometry}, author={Mommert, Michael}, journal={Astronomy and Computing}, volume={18}, pages={47--53}, year={2017}, publisher={Elsevier} }

@INPROCEEDINGS{boulade2003_megacam,
   author = {{Boulade}, O. and {Charlot}, X. and {Abbon}, P. and {Aune}, S. and
	{Borgeaud}, P. and {Carton}, P.-H. and {Carty}, M. and {Da Costa}, J. and
	{Deschamps}, H. and {Desforge}, D. and {Eppell{\'e}}, D. and
	{Gallais}, P. and {Gosset}, L. and {Granelli}, R. and {Gros}, M. and
	{de Kat}, J. and {Loiseau}, D. and {Ritou}, J.-. and {Rouss{\'e}}, J.~Y. and
	{Starzynski}, P. and {Vignal}, N. and {Vigroux}, L.~G.},
articletitle = "{MegaCam: the new Canada-France-Hawaii Telescope wide-field imaging camera}",
booktitle = {Instrument Design and Performance for Optical/Infrared Ground-based Telescopes},
    title = {Instrument Design and Performance for Optical/Infrared Ground-based Telescopes},
     year = 2003,
   series = {\procspie},
   volume = 4841,
  editors = {{Iye}, M. and {Moorwood}, A.~F.~M.},
    month = mar,
    pages = {72-81},
      doi = {10.1117/12.459890},
   adsurl = {http://adsabs.harvard.edu/abs/2003SPIE.4841...72B},
  adsnote = {Provided by the SAO/NASA Astrophysics Data System}
}

@ARTICLE{gaiacollaboration2023_gaiadr3,
       author = {{Gaia Collaboration} and {Vallenari}, A. and {Brown}, A.~G.~A. and {Prusti}, T. and {de Bruijne}, J.~H.~J. and {Arenou}, F. and {Babusiaux}, C. and {Biermann}, M. and {Creevey}, O.~L. and {Ducourant}, C. and {Evans}, D.~W. and {Eyer}, L. and {Guerra}, R. and {Hutton}, A. and {Jordi}, C. and {Klioner}, S.~A. and {Lammers}, U.~L. and {Lindegren}, L. and {Luri}, X. and {Mignard}, F. and {Panem}, C. and {Pourbaix}, D. and {Randich}, S. and {Sartoretti}, P. and {Soubiran}, C. and {Tanga}, P. and {Walton}, N.~A. and {Bailer-Jones}, C.~A.~L. and {Bastian}, U. and {Drimmel}, R. and {Jansen}, F. and {Katz}, D. and {Lattanzi}, M.~G. and {van Leeuwen}, F. and {Bakker}, J. and {Cacciari}, C. and {Casta{\~n}eda}, J. and {De Angeli}, F. and {Fabricius}, C. and {Fouesneau}, M. and {Fr{\'e}mat}, Y. and {Galluccio}, L. and {Guerrier}, A. and {Heiter}, U. and {Masana}, E. and {Messineo}, R. and {Mowlavi}, N. and {Nicolas}, C. and {Nienartowicz}, K. and {Pailler}, F. and {Panuzzo}, P. and {Riclet}, F. and {Roux}, W. and {Seabroke}, G.~M. and {Sordo}, R. and {Th{\'e}venin}, F. and {Gracia-Abril}, G. and {Portell}, J. and {Teyssier}, D. and {Altmann}, M. and {Andrae}, R. and {Audard}, M. and {Bellas-Velidis}, I. and {Benson}, K. and {Berthier}, J. and {Blomme}, R. and {Burgess}, P.~W. and {Busonero}, D. and {Busso}, G. and {C{\'a}novas}, H. and {Carry}, B. and {Cellino}, A. and {Cheek}, N. and {Clementini}, G. and {Damerdji}, Y. and {Davidson}, M. and {de Teodoro}, P. and {Nu{\~n}ez Campos}, M. and {Delchambre}, L. and {Dell'Oro}, A. and {Esquej}, P. and {Fern{\'a}ndez-Hern{\'a}ndez}, J. and {Fraile}, E. and {Garabato}, D. and {Garc{\'\i}a-Lario}, P. and {Gosset}, E. and {Haigron}, R. and {Halbwachs}, J. -L. and {Hambly}, N.~C. and {Harrison}, D.~L. and {Hern{\'a}ndez}, J. and {Hestroffer}, D. and {Hodgkin}, S.~T. and {Holl}, B. and {Jan{\ss}en}, K. and {Jevardat de Fombelle}, G. and {Jordan}, S. and {Krone-Martins}, A. and {Lanzafame}, A.~C. and {L{\"o}ffler}, W. and {Marchal}, O. and {Marrese}, P.~M. and {Moitinho}, A. and {Muinonen}, K. and {Osborne}, P. and {Pancino}, E. and {Pauwels}, T. and {Recio-Blanco}, A. and {Reyl{\'e}}, C. and {Riello}, M. and {Rimoldini}, L. and {Roegiers}, T. and {Rybizki}, J. and {Sarro}, L.~M. and {Siopis}, C. and {Smith}, M. and {Sozzetti}, A. and {Utrilla}, E. and {van Leeuwen}, M. and {Abbas}, U. and {{\'A}brah{\'a}m}, P. and {Abreu Aramburu}, A. and {Aerts}, C. and {Aguado}, J.~J. and {Ajaj}, M. and {Aldea-Montero}, F. and {Altavilla}, G. and {{\'A}lvarez}, M.~A. and {Alves}, J. and {Anders}, F. and {Anderson}, R.~I. and {Anglada Varela}, E. and {Antoja}, T. and {Baines}, D. and {Baker}, S.~G. and {Balaguer-N{\'u}{\~n}ez}, L. and {Balbinot}, E. and {Balog}, Z. and {Barache}, C. and {Barbato}, D. and {Barros}, M. and {Barstow}, M.~A. and {Bartolom{\'e}}, S. and {Bassilana}, J. -L. and {Bauchet}, N. and {Becciani}, U. and {Bellazzini}, M. and {Berihuete}, A. and {Bernet}, M. and {Bertone}, S. and {Bianchi}, L. and {Binnenfeld}, A. and {Blanco-Cuaresma}, S. and {Blazere}, A. and {Boch}, T. and {Bombrun}, A. and {Bossini}, D. and {Bouquillon}, S. and {Bragaglia}, A. and {Bramante}, L. and {Breedt}, E. and {Bressan}, A. and {Brouillet}, N. and {Brugaletta}, E. and {Bucciarelli}, B. and {Burlacu}, A. and {Butkevich}, A.~G. and {Buzzi}, R. and {Caffau}, E. and {Cancelliere}, R. and {Cantat-Gaudin}, T. and {Carballo}, R. and {Carlucci}, T. and {Carnerero}, M.~I. and {Carrasco}, J.~M. and {Casamiquela}, L. and {Castellani}, M. and {Castro-Ginard}, A. and {Chaoul}, L. and {Charlot}, P. and {Chemin}, L. and {Chiaramida}, V. and {Chiavassa}, A. and {Chornay}, N. and {Comoretto}, G. and {Contursi}, G. and {Cooper}, W.~J. and {Cornez}, T. and {Cowell}, S. and {Crifo}, F. and {Cropper}, M. and {Crosta}, M. and {Crowley}, C. and {Dafonte}, C. and {Dapergolas}, A. and {David}, M. and {David}, P. and {de Laverny}, P. and {De Luise}, F. and {De March}, R.},
        title = "{Gaia Data Release 3. Summary of the content and survey properties}",
      journal = {\aap},
     keywords = {techniques: photometric, techniques: spectroscopic, techniques: radial velocities, catalogs, astrometry, parallaxes, Astrophysics - Astrophysics of Galaxies},
         year = 2023,
        month = jun,
       volume = {674},
          eid = {A1},
        pages = {A1},
          doi = {10.1051/0004-6361/202243940},
archivePrefix = {arXiv},
       eprint = {2208.00211},
 primaryClass = {astro-ph.GA},
       adsurl = {https://ui.adsabs.harvard.edu/abs/2023A&A...674A...1G},
      adsnote = {Provided by the SAO/NASA Astrophysics Data System}
}

@ARTICLE{flewelling2020_ps1,
       author = {{Flewelling}, H.~A. and {Magnier}, E.~A. and {Chambers}, K.~C. and {Heasley}, J.~N. and {Holmberg}, C. and {Huber}, M.~E. and {Sweeney}, W. and {Waters}, C.~Z. and {Calamida}, A. and {Casertano}, S. and {Chen}, X. and {Farrow}, D. and {Hasinger}, G. and {Henderson}, R. and {Long}, K.~S. and {Metcalfe}, N. and {Narayan}, G. and {Nieto-Santisteban}, M.~A. and {Norberg}, P. and {Rest}, A. and {Saglia}, R.~P. and {Szalay}, A. and {Thakar}, A.~R. and {Tonry}, J.~L. and {Valenti}, J. and {Werner}, S. and {White}, R. and {Denneau}, L. and {Draper}, P.~W. and {Hodapp}, K.~W. and {Jedicke}, R. and {Kaiser}, N. and {Kudritzki}, R.~P. and {Price}, P.~A. and {Wainscoat}, R.~J. and {Chastel}, S. and {McLean}, B. and {Postman}, M. and {Shiao}, B.},
        title = "{The Pan-STARRS1 Database and Data Products}",
      journal = {\apjs},
     keywords = {Astronomy databases, Sky surveys, Photometry, Astrometry, 83, 1464, 1234, 80, Astrophysics - Instrumentation and Methods for Astrophysics},
         year = 2020,
        month = nov,
       volume = {251},
       number = {1},
          eid = {7},
        pages = {7},
          doi = {10.3847/1538-4365/abb82d},
archivePrefix = {arXiv},
       eprint = {1612.05243},
 primaryClass = {astro-ph.IM},
       adsurl = {https://ui.adsabs.harvard.edu/abs/2020ApJS..251....7F},
      adsnote = {Provided by the SAO/NASA Astrophysics Data System}
}

@ARTICLE{2019PASP..131g8001G,
       author = {{Graham}, Matthew J. and {Kulkarni}, S.~R. and {Bellm}, Eric C. and {Adams}, Scott M. and {Barbarino}, Cristina and {Blagorodnova}, Nadejda and {Bodewits}, Dennis and {Bolin}, Bryce and {Brady}, Patrick R. and {Cenko}, S. Bradley and {Chang}, Chan-Kao and {Coughlin}, Michael W. and {De}, Kishalay and {Eadie}, Gwendolyn and {Farnham}, Tony L. and {Feindt}, Ulrich and {Franckowiak}, Anna and {Fremling}, Christoffer and {Gezari}, Suvi and {Ghosh}, Shaon and {Goldstein}, Daniel A. and {Golkhou}, V. Zach and {Goobar}, Ariel and {Ho}, Anna Y.~Q. and {Huppenkothen}, Daniela and {Ivezi{\'c}}, {\v{Z}}eljko and {Jones}, R. Lynne and {Juric}, Mario and {Kaplan}, David L. and {Kasliwal}, Mansi M. and {Kelley}, Michael S.~P. and {Kupfer}, Thomas and {Lee}, Chien-De and {Lin}, Hsing Wen and {Lunnan}, Ragnhild and {Mahabal}, Ashish A. and {Miller}, Adam A. and {Ngeow}, Chow-Choong and {Nugent}, Peter and {Ofek}, Eran O. and {Prince}, Thomas A. and {Rauch}, Ludwig and {van Roestel}, Jan and {Schulze}, Steve and {Singer}, Leo P. and {Sollerman}, Jesper and {Taddia}, Francesco and {Yan}, Lin and {Ye}, Quan-Zhi and {Yu}, Po-Chieh and {Barlow}, Tom and {Bauer}, James and {Beck}, Ron and {Belicki}, Justin and {Biswas}, Rahul and {Brinnel}, Valery and {Brooke}, Tim and {Bue}, Brian and {Bulla}, Mattia and {Burruss}, Rick and {Connolly}, Andrew and {Cromer}, John and {Cunningham}, Virginia and {Dekany}, Richard and {Delacroix}, Alex and {Desai}, Vandana and {Duev}, Dmitry A. and {Feeney}, Michael and {Flynn}, David and {Frederick}, Sara and {Gal-Yam}, Avishay and {Giomi}, Matteo and {Groom}, Steven and {Hacopians}, Eugean and {Hale}, David and {Helou}, George and {Henning}, John and {Hover}, David and {Hillenbrand}, Lynne A. and {Howell}, Justin and {Hung}, Tiara and {Imel}, David and {Ip}, Wing-Huen and {Jackson}, Edward and {Kaspi}, Shai and {Kaye}, Stephen and {Kowalski}, Marek and {Kramer}, Emily and {Kuhn}, Michael and {Landry}, Walter and {Laher}, Russ R. and {Mao}, Peter and {Masci}, Frank J. and {Monkewitz}, Serge and {Murphy}, Patrick and {Nordin}, Jakob and {Patterson}, Maria T. and {Penprase}, Bryan and {Porter}, Michael and {Rebbapragada}, Umaa and {Reiley}, Dan and {Riddle}, Reed and {Rigault}, Mickael and {Rodriguez}, Hector and {Rusholme}, Ben and {van Santen}, Jakob and {Shupe}, David L. and {Smith}, Roger M. and {Soumagnac}, Maayane T. and {Stein}, Robert and {Surace}, Jason and {Szkody}, Paula and {Terek}, Scott and {Van Sistine}, Angela and {van Velzen}, Sjoert and {Vestrand}, W. Thomas and {Walters}, Richard and {Ward}, Charlotte and {Zhang}, Chaoran and {Zolkower}, Jeffry},
        title = "{The Zwicky Transient Facility: Science Objectives}",
      journal = {\pasp},
     keywords = {Astrophysics - Instrumentation and Methods for Astrophysics, Astrophysics - High Energy Astrophysical Phenomena},
         year = 2019,
        month = jul,
       volume = {131},
       number = {1001},
        pages = {078001},
          doi = {10.1088/1538-3873/ab006c},
archivePrefix = {arXiv},
       eprint = {1902.01945},
 primaryClass = {astro-ph.IM},
       adsurl = {https://ui.adsabs.harvard.edu/abs/2019PASP..131g8001G},
      adsnote = {Provided by the SAO/NASA Astrophysics Data System}
}
@ARTICLE{Hartmann1982,
       author = {{Hartmann}, W.~K. and {Cruikshank}, D.~P. and {Degewij}, J.},
        title = "{Remote comets and related bodies: VJHK colorimetry and surface materials}",
      journal = {\icarus},
     keywords = {Asteroids, Astronomical Photometry, Colorimetry, Comets, Planetary Surfaces, Solar System, Comet Nuclei, Diagrams, Infrared Astronomy, Natural Satellites, Spectral Reflectance, Spectrophotometry},
         year = 1982,
        month = dec,
       volume = {52},
       number = {3},
        pages = {377-408},
          doi = {10.1016/0019-1035(82)90002-1},
       adsurl = {https://ui.adsabs.harvard.edu/abs/1982Icar...52..377H},
      adsnote = {Provided by the SAO/NASA Astrophysics Data System}
}
